<!DOCTYPE html PUBLIC "-//W3C//DTD XHTML 1.0 Strict//EN" "http://www.w3.org/TR/xhtml1/DTD/xhtml1-strict.dtd"><html xmlns="http://www.w3.org/1999/xhtml"><head><meta content="text/html; charset=utf-8" http-equiv="content-type"></meta><title>Vente Conserves de Légumes en ligne - Auchandirect.fr</title><!-- correction d'un bug de compatibilité tapestry/IE9 --><meta content="IE=EmulateIE8" http-equiv="X-UA-Compatible"></meta><meta content="Faites vos courses en ligne sur Auchandirect.fr! Conserves de Légumes en livraison 24h dans les régions de Paris, Lyon, Marseille, Toulouse et Lille." name="description"></meta><meta content="index, follow" name="robots"></meta><meta content="0" http-equiv="expires"></meta><meta content="no-cache" http-equiv="pragma"></meta><meta content="no-store, no-cache, must-revalidate" http-equiv="cache-control"></meta><link href="http://www.auchandirect.fr/static/css/styles.css" rel="stylesheet" type="text/css"></link><link href="http://www.auchandirect.fr/static/css/style-new.css" rel="stylesheet" type="text/css"></link><link href="http://www.auchandirect.fr/static/css/rayon.css" rel="stylesheet" type="text/css"></link><div class="t-zone" id="dynamicCssArea"></div><!--[if IE]><link media="all" type="text/css" href="/static/css/style-ie.css" rel="stylesheet"></link><![endif]--><link media="screen" href="http://www.auchandirect.fr/static/fancybox/jquery.fancybox-1.3.4.css" type="text/css" rel="stylesheet"></link><script src="http://www.auchandirect.fr/assets/scriptaculous/5.1.0.5/prototype.js" type="text/javascript"></script><script src="http://www.auchandirect.fr/assets/scriptaculous/5.1.0.5/scriptaculous.js" type="text/javascript"></script><script src="http://www.auchandirect.fr/assets/scriptaculous/5.1.0.5/effects.js" type="text/javascript"></script><script src="http://www.auchandirect.fr/assets/tapestry/5.1.0.5/tapestry.js" type="text/javascript"></script><script src="http://www.auchandirect.fr/assets/tapestry/5.1.0.5/tapestry-messages.js" type="text/javascript"></script><script src="http://www.auchandirect.fr/assets/ctx/296dafb4649acaf9/static/scripts/tapestry-patch.js" type="text/javascript"></script><script src="http://www.auchandirect.fr/assets/ctx/296dafb4649acaf9/static/scripts/ZoneUpdater.js" type="text/javascript"></script><script language="javascript" type="text/javascript">
// Déclaration en amont du système de binding d'event
function bindEvent(el, eventName, eventHandler) {
if (el.addEventListener){
el.addEventListener(eventName, eventHandler, false);
} else if (el.attachEvent){
el.attachEvent('on'+eventName, eventHandler);
}
}
</script><script src="http://www.auchandirect.fr/assets/ctx/296dafb4649acaf9/static/scripts/tapestry.piefix.js" type="text/javascript"></script><script type="text/javascript" language="javascript">
bindEvent(window,"load",function(){
var j = jQuery.noConflict();
j(function() {
j("#foo2").carouFredSel({
circular: true,
infinite: false,
auto : true,
scroll : {
items : "page"
},
prev : {
button : "#foo2_prev",
key : "left"
},
next : {
button : "#foo2_next",
key : "right"
},
pagination : "#foo2_pag"
});
if($(".caroufredsel_wrapper")!=null)
$(".caroufredsel_wrapper").css({
'height': '246px'
});
if($(".page_famille_carrousel")!=null)
$(".page_famille_carrousel").css({
'overflow': 'hidden'
});
});
})
</script></head><body style="background : url('https://www.auchandirect.fr/static/MOISANNIV1.jpg') no-repeat;
background-position : top center;
"><div class="fiche-produit" id="page"><div id="tetiere"><div id="logo"><!-- HEADER_LOGO --><div id="logo">
<a href="../../../../index.html" title="accueil"><img src="http://www.auchandirect.fr/static/auchan_logo.jpg" alt="Accueil" width="365" height="105" /></a>
</div>
</div><div id="pub"><?xml version="1.0" encoding="UTF-8"?><a  href="../../../../commander/identification.pagetemplate.fancycloseprovidergabarit.closebuttonhk.html"  title="Inscrivez-vous et bénéficiez de la 1ere livraison offerte avec le code BIENVENUE dès 120€ d'achats"><img src="http://www.auchandirect.fr/img/display/000/000/530/5301.jpg" /></a>
</div><!-- HEADER_HAUT_DROIT --><div id="newsletter"><h3>Newsletter </h3><a id="newsLetterPopup" onclick="javascript:Tapestry.waitForPage(event);" href="http://www.auchandirect.fr/rayon.pagetemplate.header.headertop.newsletterpopup?t:ac=674">Inscrivez-vous vite !</a></div></div><div id="menu-top"><div id="menu-promos"><ul class="menu menu-horizontal"><li><a title="promos" class="menu-top-promos" href="../../../../rayon.pagetemplate.fancycloseprovidergabarit.closebuttonhk%3Ft:ac=promos.html">Promotions</a></li><li><a title="nouveautes" class="menu-top-nouveautes" href="../../../../nouveaut%25C3%25A9s/id0/nouveautes.html">Nouveautés</a></li></ul></div><div id="bloc-recherche"><form onsubmit="javascript:Tapestry.waitForPage(event);" action="http://www.auchandirect.fr/rayon.pagetemplate.header.headermenutop.searchform" method="post" id="searchForm" name="searchForm"><div class="t-invisible"><input value="674" name="t:ac" type="hidden"></input><input value="H4sIAAAAAAAAAJ2QoU4DQRBAp03A1JHwB2C3CGrAUAGqIaQXPmBub7jbZndn2Z2D1mD4DwyW8BMVOP6hhmCQoBBce3UkJEVNMsnMe3lPH7B1ewBqjDP2RwFLEnLBopCqCAuK6+HI18JBJcKoqxRhwLFUGFBXpAQDJYmzgdIcyZpc5ZhIDfNmiVrODNliLyOpw/7lvLfYffnuQmcEPc1eIttzdCSwM5rgDfYt+rKfSTS+PJ4Gge2W+C/H4aaOF5E1pZTVuTMpGfbz5+Lw6uvhtQswDRs5LF9I43Dyp4NmF9iTl6RWUPmt8LYYf96fPr63ychSg5Blsmu4g06baHX6A/6kTBjLAQAA" name="t:formdata" type="hidden"></input></div><div><input title="recherche" class="texte-recherche" value="Rechercher" id="search" name="search" type="text"></input><img id="search-icon" class="t-error-icon t-invisible" alt="" src="http://www.auchandirect.fr/assets/tapestry/5.1.0.5/spacer.gif"/><input value="OK" class="recherche-submit" name="submit" type="submit"></input></div></form></div></div><div id="menu" class="float-container"><ul id="menu-principal" class="menu menu-horizontal"><li><a class="first" title="RR1002" href="674.html#">Marché</a><div class="hovered_big_menu" id="4042"><div class="menu-panel"><div class="menu-listes-container float-container"><div class="menu-listes"><ul class="menu menu-horizontal menu_left"><li><h3><a title="RR2007" rel="page-461" href="../../../../sousfamille.pagetemplate.fancycloseprovidergabarit.closebuttonhk%3Ft:ac=404%252F461.html">Fruits</a></h3><ul class="menu"><li><a href="../../../../march%25C3%25A9/fruits/jus-de-fruits-frais/id0/100371.html">Jus de Fruits frais</a></li><li><a href="../../../../march%25C3%25A9/fruits/fruits-de-saison/id0/592.html">Fruits de saison </a></li><li><a href="../../../../march%25C3%25A9/fruits/agrumes/id0/444663.html">Agrumes</a></li><li><a href="../../../../march%25C3%25A9/fruits/pommes,-poires/id0/593.html">Pommes, Poires</a></li><li><a href="../../../../march%25C3%25A9/fruits/bananes,-fruits-exotiques/id0/589.html">Bananes, Fruits exotiques</a></li><li><a href="../../../../march%25C3%25A9/fruits/fruits-%25C3%25A0-noyau,-raisins/id0/596.html">Fruits à Noyau, Raisins</a></li><li><a href="../../../../march%25C3%25A9/fruits/fruits-rouges/id0/590.html">Fruits rouges</a></li><li><a href="../../../../march%25C3%25A9/fruits/melons,-past%25C3%25A8ques/id0/594.html">Melons, Pastèques</a></li><li><a href="../../../../march%25C3%25A9/fruits/fruits-secs-et-pr%25C3%25AAts-%25C3%25A0-l'emploi/id0/595.html">Fruits Secs et Prêts à l'Emploi</a></li></ul></li><li><h3><a title="RR2006" rel="page-463" href="../../../../id3/404/463.html">Légumes</a></h3><ul class="menu"><li><a href="../../../../march%25C3%25A9/l%25C3%25A9gumes/l%25C3%25A9gumes-de-saison/id0/431975.html">Légumes de saison</a></li><li><a href="../../../../march%25C3%25A9/l%25C3%25A9gumes/carottes,-poireaux,-navets,-potirons,-choux/id0/580.html">Carottes, Poireaux, Navets, Potirons, Choux</a></li><li><a href="../../../../march%25C3%25A9/l%25C3%25A9gumes/pommes-de-terre/id0/584.html">Pommes de Terre</a></li><li><a href="../../../../march%25C3%25A9/l%25C3%25A9gumes/salades,-endives,-herbes-aromatiques/id0/585.html">Salades, Endives, Herbes aromatiques</a></li><li><a href="../../../../march%25C3%25A9/l%25C3%25A9gumes/avocats,-concombres,-radis,-celeris/id0/581.html">Avocats, Concombres, Radis, Celeris</a></li><li><a href="../../../../march%25C3%25A9/l%25C3%25A9gumes/tomates/id0/82017.html">Tomates</a></li><li><a href="../../../../march%25C3%25A9/l%25C3%25A9gumes/aubergines,-courgettes,-poivrons/id0/583.html">Aubergines, Courgettes, Poivrons</a></li><li><a href="../../../../march%25C3%25A9/l%25C3%25A9gumes/l%25C3%25A9gumes-verts,-asperges,-champignons/id0/579.html">Légumes verts, Asperges, Champignons</a></li><li><a href="../../../../march%25C3%25A9/l%25C3%25A9gumes/ails,-oignons,-echalotes/id0/587.html">Ails, Oignons, Echalotes</a></li><li><a href="../../../../march%25C3%25A9/l%25C3%25A9gumes/soupes-fra%25C3%25AEches,-pr%25C3%25AAts-%25C3%25A0-l'emploi,-l%25C3%25A9gumes-secs/id0/588.html">Soupes Fraîches, Prêts à l'emploi, Légumes secs</a></li></ul></li><li><h3><a title="RR2009" rel="page-460" href="../../../../id3/404/460.html">Boucherie - Volaille</a></h3><ul class="menu"><li><a href="../../../../march%25C3%25A9/boucherie---volaille/les-pi%25C3%25A8ces-du-boucher/id0/431977.html">Les pièces du Boucher</a></li><li><a href="../../../../march%25C3%25A9/boucherie---volaille/b%25C5%2593uf/id0/601.html">Bœuf</a></li><li><a href="../../../../march%25C3%25A9/boucherie---volaille/porc,-veau,-agneau/id0/600.html">Porc, Veau, Agneau</a></li><li><a href="../../../../march%25C3%25A9/boucherie---volaille/poulet,-dinde,-autres-volailles/id0/603.html">Poulet, Dinde, Autres Volailles</a></li><li><a href="../../../../march%25C3%25A9/boucherie---volaille/saucisse,-viandes-cuisin%25C3%25A9es,-snack,-sauce/id0/602.html">Saucisse, Viandes Cuisinées, Snack, Sauce</a></li><li><a href="../../../../march%25C3%25A9/boucherie---volaille/steacks-hach%25C3%25A9s/id0/717040.html">Steacks Hachés</a></li></ul></li><li><h3><a title="RR2008" rel="page-462" href="../../../../id3/404/462.html">Produits de la mer</a></h3><ul class="menu"><li><a href="../../../../march%25C3%25A9/produits-de-la-mer/poissons-frais,-fruits-de-mer,-poissons-pan%25C3%25A9s/id0/597.html">Poissons frais, Fruits de Mer, Poissons Panés</a></li><li><a href="../../../../march%25C3%25A9/produits-de-la-mer/poissons-fum%25C3%25A9s/id0/82012.html">Poissons Fumés</a></li><li><a href="../../../../march%25C3%25A9/produits-de-la-mer/produits-ap%25C3%25A9ritifs/id0/100366.html">Produits Apéritifs</a></li><li><a href="../../../../march%25C3%25A9/produits-de-la-mer/surimis/id0/100363.html">Surimis</a></li></ul></li><li><h3><a title="RR3360" rel="page-100376" href="../../../../id3/404/100376.html">Pains - Viennoiseries</a></h3><ul class="menu"><li><a href="../../../../march%25C3%25A9/pains---viennoiseries/pains,-pains-de-mie/id0/100377.html">Pains, Pains de mie</a></li><li><a href="../../../../march%25C3%25A9/pains---viennoiseries/pains-%25C3%25A0-garnir/id0/431981.html">Pains à garnir</a></li><li><a href="../../../../march%25C3%25A9/pains---viennoiseries/brioches-et-viennoiseries/id0/100381.html">Brioches et Viennoiseries</a></li></ul></li><li><h3><a title="Le Marché Bio" rel="page-653715" href="../../../../id3/404/653715.html">Le Marché Bio</a></h3><ul class="menu"><li><a href="../../../../march%25C3%25A9/le-march%25C3%25A9-bio/fruits,-l%25C3%25A9gumes/id0/653716.html">Fruits, Légumes</a></li><li><a href="../../../../march%25C3%25A9/le-march%25C3%25A9-bio/viandes,-volailles,-poissons/id0/653717.html">Viandes, Volailles, Poissons</a></li></ul></li></ul><?xml version="1.0" encoding="UTF-8"?><a href="../../../../march%25C3%25A9/le-march%25C3%25A9-bio/fruits,-l%25C3%25A9gumes/id0/653716.html"><img src="http://www.auchandirect.fr/static/S1213MARCHES.jpg" alt="Promo sur les bananes Bio" title="Promo sur les bananes Bio" /></a>    
<div class="clear"></div></div><div class="clear"></div></div></div></div></li><li><a title="RR1003" href="674.html#">Produits laitiers<br/>Œufs</a><div class="hovered_big_menu" id="4082"><div class="menu-panel"><div class="menu-listes-container float-container"><div class="menu-listes"><ul class="menu menu-horizontal menu_left"><li><h3><a title="RR2010" rel="page-459" href="../../../../id3/408/459.html">Crémerie, Oeufs</a></h3><ul class="menu"><li><a href="../../../../produits-laitiers,-%25C5%2593ufs/cr%25C3%25A9merie,-oeufs/laits/id0/605.html">Laits</a></li><li><a href="../../../../produits-laitiers,-%25C5%2593ufs/cr%25C3%25A9merie,-oeufs/cr%25C3%25A8mes-fra%25C3%25AEches,-sauces/id0/608.html">Crèmes Fraîches, Sauces </a></li><li><a href="../../../../produits-laitiers,-%25C5%2593ufs/cr%25C3%25A9merie,-oeufs/beurres/id0/604.html">Beurres</a></li><li><a href="../../../../produits-laitiers,-%25C5%2593ufs/cr%25C3%25A9merie,-oeufs/margarines/id0/607.html">Margarines</a></li><li><a href="../../../../produits-laitiers,-%25C5%2593ufs/cr%25C3%25A9merie,-oeufs/oeufs/id0/606.html">Oeufs</a></li></ul></li><li><h3><a title="RR2011" rel="page-466" href="../../../../id3/408/466.html">Fromages</a></h3><ul class="menu"><li><a href="../../../../produits-laitiers,-%25C5%2593ufs/fromages/emmental,-comt%25C3%25A9,-parmesan,-rap%25C3%25A9/id0/431987.html">Emmental, Comté, Parmesan, Rapé</a></li><li><a href="../../../../produits-laitiers,-%25C5%2593ufs/fromages/camemberts,-coulommiers,-bries/id0/611.html">Camemberts,  Coulommiers,  Bries</a></li><li><a href="../../../../produits-laitiers,-%25C5%2593ufs/fromages/ch%25C3%25A8vres,-brebis,-bleus,-roqueforts/id0/610.html">Chèvres,  Brebis, Bleus, Roqueforts</a></li><li><a href="../../../../produits-laitiers,-%25C5%2593ufs/fromages/terroir,-sp%25C3%25A9cialit%25C3%25A9s,-sp%25C3%25A9cialit%25C3%25A9s-etrang%25C3%25A8res/id0/612.html">Terroir, Spécialités,  Spécialités Etrangères</a></li><li><a href="../../../../produits-laitiers,-%25C5%2593ufs/fromages/a-cuisiner,-a-tartiner,-a-fondre/id0/614.html">A cuisiner, A tartiner, A fondre</a></li><li><a href="../../../../produits-laitiers,-%25C5%2593ufs/fromages/ap%25C3%25A9ritifs,-salades,-mozzarellas/id0/615.html">Apéritifs,  Salades,  Mozzarellas</a></li><li><a href="../../../../produits-laitiers,-%25C5%2593ufs/fromages/fromages-all%25C3%25A9g%25C3%25A9s/id0/618.html">Fromages Allégés</a></li><li><a href="../../../../produits-laitiers,-%25C5%2593ufs/fromages/enfants/id0/617.html">Enfants</a></li></ul></li><li><h3><a title="RR2012" rel="page-464" href="../../../../id3/408/464.html">Yaourts, Desserts</a></h3><ul class="menu"><li><a href="../../../../produits-laitiers,-%25C5%2593ufs/yaourts,-desserts/yaourts-natures,-fromages-blancs/id0/619.html">Yaourts natures, Fromages blancs</a></li><li><a href="../../../../produits-laitiers,-%25C5%2593ufs/yaourts,-desserts/yaourts-aux-fruits,-aromatis%25C3%25A9s/id0/620.html">Yaourts aux fruits,  Aromatisés</a></li><li><a href="../../../../produits-laitiers,-%25C5%2593ufs/yaourts,-desserts/yaourts-enfants,-a-boire/id0/621.html">Yaourts enfants, A boire</a></li><li><a href="../../../../produits-laitiers,-%25C5%2593ufs/yaourts,-desserts/desserts-gourmands/id0/622.html">Desserts gourmands</a></li><li><a href="../../../../produits-laitiers,-%25C5%2593ufs/yaourts,-desserts/all%25C3%25A9g%25C3%25A9s,-bien-%25C3%25AAtre/id0/623.html">Allégés,  Bien Être</a></li><li><a href="../../../../produits-laitiers,-%25C5%2593ufs/yaourts,-desserts/compotes/id0/431969.html">Compotes</a></li></ul></li><li><h3><a title="Produits laitiers BIO" rel="page-685063" href="../../../../id3/408/685063.html">Produits laitiers BIO</a></h3><ul class="menu"><li><a href="../../../../produits-laitiers,-%25C5%2593ufs/produits-laitiers-bio/cremerie,-oeufs/id0/685064.html">Cremerie, Oeufs</a></li><li><a href="../../../../produits-laitiers,-%25C5%2593ufs/produits-laitiers-bio/fromages/id0/685065.html">Fromages</a></li><li><a href="../../../../produits-laitiers,-%25C5%2593ufs/produits-laitiers-bio/yaourts,-desserts/id0/685066.html">Yaourts, Desserts</a></li></ul></li></ul><?xml version="1.0" encoding="UTF-8"?><a href="../../../../produits-laitiers,-%25C5%2593ufs/fromages/ap%25C3%25A9ritifs,-salades,-mozzarellas/id0/615.html"><img src="http://www.auchandirect.fr/static/S1313laitier.jpg" alt="Promo Apericube" title="Promo Apericube" width="150" height="275" /></a>    
<div class="clear"></div></div><div class="clear"></div></div></div></div></li><li><a title="RR1004" href="674.html#">Charcuterie<br/>Traiteur</a><div class="hovered_big_menu" id="4072"><div class="menu-panel"><div class="menu-listes-container float-container"><div class="menu-listes"><ul class="menu menu-horizontal menu_left"><li><h3><a title="RR2013" rel="page-468" href="../../../../id3/407/468.html">Charcuterie</a></h3><ul class="menu"><li><a href="../../../../charcuterie-traiteur/charcuterie/jambons/id0/624.html">Jambons</a></li><li><a href="../../../../charcuterie-traiteur/charcuterie/lardons,-bacon,-aides-culinaires/id0/626.html">Lardons, Bacon, Aides culinaires</a></li><li><a href="../../../../charcuterie-traiteur/charcuterie/saucisses,-boudins/id0/629.html">Saucisses, Boudins</a></li><li><a href="../../../../charcuterie-traiteur/charcuterie/saucissons,-p%25C3%25A2t%25C3%25A9s,-rillettes/id0/625.html">Saucissons, Pâtés, Rillettes</a></li></ul></li><li><h3><a title="RR2014" rel="page-465" href="../../../../id3/407/465.html">Traiteur</a></h3><ul class="menu"><li><a href="../../../../charcuterie-traiteur/traiteur/entr%25C3%25A9es,-ap%25C3%25A9ritifs/id0/630.html">Entrées, Apéritifs</a></li><li><a href="../../../../charcuterie-traiteur/traiteur/salades-compos%25C3%25A9es,-crudit%25C3%25A9s,-soupes/id0/627.html">Salades Composées, Crudités, Soupes</a></li><li><a href="../../../../charcuterie-traiteur/traiteur/burgers,-croques/id0/632.html">Burgers, Croques</a></li><li><a href="../../../../charcuterie-traiteur/traiteur/cordons-bleus,-nuggets,-grignottes/id0/636.html">Cordons Bleus, Nuggets, Grignottes</a></li><li><a href="../../../../charcuterie-traiteur/traiteur/pizzas,-tartes,-quiches/id0/631.html">Pizzas, Tartes, Quiches</a></li><li><a href="../../../../charcuterie-traiteur/traiteur/p%25C3%25A2tes-fra%25C3%25AEches,-quenelles/id0/634.html">Pâtes Fraîches, Quenelles</a></li><li><a href="../../../../charcuterie-traiteur/traiteur/plats-cuisin%25C3%25A9s/id0/628.html">Plats cuisinés</a></li><li><a href="../../../../charcuterie-traiteur/traiteur/p%25C3%25A2tes-%25C3%25A0-tarte-et-%25C3%25A0-g%25C3%25A2teaux/id0/633.html">Pâtes à Tarte et à Gâteaux</a></li></ul></li><li><h3><a title="RR2016" rel="page-467" href="../../../../id3/407/467.html">Traiteur de la Mer</a></h3><ul class="menu"><li><a href="../../../../charcuterie-traiteur/traiteur-de-la-mer/poissons-fum%25C3%25A9s/id0/639.html">Poissons Fumés</a></li><li><a href="../../../../charcuterie-traiteur/traiteur-de-la-mer/surimis,-poissons-pan%25C3%25A9s/id0/637.html">Surimis, Poissons panés</a></li><li><a href="../../../../charcuterie-traiteur/traiteur-de-la-mer/produits-ap%25C3%25A9ritifs/id0/640.html">Produits Apéritifs</a></li></ul></li><li><h3><a title="Charcuterie, Traiteur Bio" rel="page-687256" href="../../../../id3/407/687256.html">Charcuterie, Traiteur Bio</a></h3><ul class="menu"><li><a href="../../../../charcuterie-traiteur/charcuterie,-traiteur-bio/charcuterie/id0/687259.html">Charcuterie</a></li><li><a href="../../../../charcuterie-traiteur/charcuterie,-traiteur-bio/traiteur/id0/687261.html">Traiteur</a></li></ul></li></ul><?xml version="1.0" encoding="UTF-8"?><a href="http://www.auchandirect.fr/rayon/832613"><img src="http://www.auchandirect.fr/static/S1313charcut.JPG" alt="Pr&eacute;parez votre ap&eacute;ritif" title="Pr&eacute;parez votre ap&eacute;ritif" width="150" height="275" /></a>  
<div class="clear"></div></div><div class="clear"></div></div></div></div></li><li><a title="RR1005" href="674.html#">Surgelés</a><div class="hovered_big_menu" id="4062"><div class="menu-panel"><div class="menu-listes-container float-container"><div class="menu-listes"><ul class="menu menu-horizontal menu_left"><li><h3><a title="RR2017" rel="page-472" href="../../../../id3/406/472.html">Apéritifs, Entrées, Snacks</a></h3><ul class="menu"><li><a href="../../../../surgel%25C3%25A9s/ap%25C3%25A9ritifs,-entr%25C3%25A9es,-snacks/ap%25C3%25A9ritifs,-petits-fours/id0/431976.html">Apéritifs, Petits fours</a></li><li><a href="../../../../surgel%25C3%25A9s/ap%25C3%25A9ritifs,-entr%25C3%25A9es,-snacks/cr%25C3%25AApes,-feuillet%25C3%25A9s/id0/431978.html">Crêpes, Feuilletés</a></li><li><a href="../../../../surgel%25C3%25A9s/ap%25C3%25A9ritifs,-entr%25C3%25A9es,-snacks/bun's,-burgers/id0/431979.html">Bun's, Burgers</a></li><li><a href="../../../../surgel%25C3%25A9s/ap%25C3%25A9ritifs,-entr%25C3%25A9es,-snacks/coquilles,-escargots/id0/431980.html">Coquilles, Escargots</a></li></ul></li><li><h3><a title="Pizzas, Tartes, Plats cuisinés" rel="page-431964" href="../../../../id3/406/431964.html">Pizzas, Tartes, Plats cuisinés</a></h3><ul class="menu"><li><a href="../../../../surgel%25C3%25A9s/pizzas,-tartes,-plats-cuisin%25C3%25A9s/pizzas/id0/648.html">Pizzas</a></li><li><a href="../../../../surgel%25C3%25A9s/pizzas,-tartes,-plats-cuisin%25C3%25A9s/tartes,-quiches/id0/431973.html">Tartes, Quiches</a></li><li><a href="../../../../surgel%25C3%25A9s/pizzas,-tartes,-plats-cuisin%25C3%25A9s/plats-cuisin%25C3%25A9s/id0/646.html">Plats Cuisinés</a></li></ul></li><li><h3><a title="RR2019" rel="page-470" href="../../../../id3/406/470.html">Viandes, Produits de la Mer</a></h3><ul class="menu"><li><a href="../../../../surgel%25C3%25A9s/viandes,-produits-de-la-mer/viandes/id0/652.html">Viandes</a></li><li><a href="../../../../surgel%25C3%25A9s/viandes,-produits-de-la-mer/steacks-haches/id0/788712.html">Steacks haches</a></li><li><a href="../../../../surgel%25C3%25A9s/viandes,-produits-de-la-mer/produits-de-la-mer/id0/654.html">Produits de la Mer</a></li></ul></li><li><h3><a title="RR2018" rel="page-469" href="../../../../id3/406/469.html">Légumes, Pommes de Terre, Herbes</a></h3><ul class="menu"><li><a href="../../../../surgel%25C3%25A9s/l%25C3%25A9gumes,-pommes-de-terre,-herbes/frites,-pommes-de-terre/id0/647.html">Frites, Pommes de Terre</a></li><li><a href="../../../../surgel%25C3%25A9s/l%25C3%25A9gumes,-pommes-de-terre,-herbes/l%25C3%25A9gumes/id0/650.html">Légumes</a></li><li><a href="../../../../surgel%25C3%25A9s/l%25C3%25A9gumes,-pommes-de-terre,-herbes/herbes-aromatiques-et-sauces/id0/651.html">Herbes Aromatiques et sauces</a></li></ul></li><li><h3><a title="RR2020" rel="page-471" href="../../../../id3/406/471.html">Glaces, Patisseries, Viennoiseries</a></h3><ul class="menu"><li><a href="../../../../surgel%25C3%25A9s/glaces,-patisseries,-viennoiseries/glaces-individuelles/id0/657.html">Glaces Individuelles</a></li><li><a href="../../../../surgel%25C3%25A9s/glaces,-patisseries,-viennoiseries/glaces-%25C3%25A0-partager/id0/653.html">Glaces à Partager</a></li><li><a href="../../../../surgel%25C3%25A9s/glaces,-patisseries,-viennoiseries/p%25C3%25A2tisseries,-viennoiseries/id0/656.html">Pâtisseries, Viennoiseries</a></li><li><a href="../../../../surgel%25C3%25A9s/glaces,-patisseries,-viennoiseries/accompagnements,-fruits/id0/655.html">Accompagnements, Fruits</a></li></ul></li></ul><?xml version="1.0" encoding="UTF-8"?><a href="http://www.auchandirect.fr/rayon/37716"><img src="http://www.auchandirect.fr/static/S1313surgeles.jpg" alt="Promo pour votre repas de Paques" title="Promo pour votre repas de Paques" width="150" height="275" /></a>    
<div class="clear"></div></div><div class="clear"></div></div></div></div></li><li><a title="RR1006" href="674.html#">Epicerie<br/>Salée</a><div class="hovered_big_menu" id="4132"><div class="menu-panel"><div class="menu-listes-container float-container"><div class="menu-listes"><ul class="menu menu-horizontal menu_left"><li><h3><a title="RR2025" rel="page-479" href="../../../../id3/413/479.html">Conserves, Plats Cuisinés</a></h3><ul class="menu"><li><a href="674.html">Conserves de Légumes</a></li><li><a href="../../conserves-de-poissons/id0/676.html">Conserves de Poissons</a></li><li><a href="../../plats-cuisin%25C3%25A9s/id0/677.html">Plats Cuisinés</a></li><li><a href="../../terrines,-pat%25C3%25A9s/id0/679.html">Terrines, Patés</a></li></ul></li><li><h3><a title="RR2023" rel="page-480" href="../../../../id3/413/480.html">Pâtes, Riz, Purées</a></h3><ul class="menu"><li><a href="../../../p%25C3%25A2tes,-riz,-pur%25C3%25A9es/p%25C3%25A2tes/id0/681.html">Pâtes</a></li><li><a href="../../../p%25C3%25A2tes,-riz,-pur%25C3%25A9es/riz/id0/680.html">Riz</a></li><li><a href="../../../p%25C3%25A2tes,-riz,-pur%25C3%25A9es/sauces-pour-p%25C3%25A2tes-et-riz/id0/431966.html">Sauces pour Pâtes et Riz</a></li><li><a href="../../../p%25C3%25A2tes,-riz,-pur%25C3%25A9es/bl%25C3%25A9s,-semoules,-l%25C3%25A9gumes-secs/id0/678.html">Blés, Semoules, Légumes secs</a></li><li><a href="../../../p%25C3%25A2tes,-riz,-pur%25C3%25A9es/pur%25C3%25A9es/id0/682.html">Purées</a></li></ul></li><li><h3><a title="RR2022" rel="page-481" href="../../../../id3/413/481.html">Potages et Soupes</a></h3><ul class="menu"><li><a href="../../../potages-et-soupes/format-familial/id0/683.html">Format Familial</a></li><li><a href="../../../potages-et-soupes/format-individuel/id0/686.html">Format individuel</a></li><li><a href="../../../potages-et-soupes/de%25CC%2581shydrate%25CC%2581es,-instantane%25CC%2581es,-croutons/id0/685.html">Déshydratées, Instantanées, Croutons</a></li></ul></li><li><h3><a title="RR2024" rel="page-482" href="../../../../id3/413/482.html">Sauces, Condiments</a></h3><ul class="menu"><li><a href="../../../sauces,-condiments/huiles/id0/692.html">Huiles</a></li><li><a href="../../../sauces,-condiments/vinaigres,-vinaigrettes/id0/694.html">Vinaigres, Vinaigrettes</a></li><li><a href="../../../sauces,-condiments/sauces-chaudes/id0/689.html">Sauces Chaudes</a></li><li><a href="../../../sauces,-condiments/moutarde,-mayonnaise,-ketchup/id0/691.html">Moutarde, Mayonnaise, Ketchup</a></li><li><a href="../../../sauces,-condiments/olives,-cornichons/id0/688.html">Olives,  Cornichons</a></li><li><a href="../../../sauces,-condiments/sel,-poivre,-epices,-herbes/id0/695.html">Sel, Poivre, Epices, Herbes</a></li><li><a href="../../../sauces,-condiments/bouillons,-aides-culinaires/id0/687.html">Bouillons, Aides culinaires</a></li></ul></li><li><h3><a title="RR2021" rel="page-477" href="../../../../id3/413/477.html">Produits Salés Apéritifs</a></h3><ul class="menu"><li><a href="../../../produits-sal%25C3%25A9s-ap%25C3%25A9ritifs/chips,-tuiles/id0/675.html">Chips, Tuiles</a></li><li><a href="../../../produits-sal%25C3%25A9s-ap%25C3%25A9ritifs/cacahu%25C3%25A8tes,-autres-graines/id0/673.html">Cacahuètes, Autres Graines</a></li><li><a href="../../../produits-sal%25C3%25A9s-ap%25C3%25A9ritifs/biscuits-sal%25C3%25A9s,-souffl%25C3%25A9s/id0/668.html">Biscuits salés, Soufflés</a></li><li><a href="../../../produits-sal%25C3%25A9s-ap%25C3%25A9ritifs/autres-produits-ap%25C3%25A9ritifs/id0/669.html">Autres Produits Apéritifs</a></li></ul></li><li><h3><a title="RR3363" rel="page-143464" href="../../../../id3/413/143464.html">Produits Gourmets</a></h3><ul class="menu"><li><a href="../../../produits-gourmets/epicerie-sal%25C3%25A9e/id0/143468.html">Epicerie Salée</a></li><li><a href="../../../produits-gourmets/epicerie-sucr%25C3%25A9e/id0/143469.html">Epicerie Sucrée</a></li></ul></li><li><h3><a title="Epicerie salée BIO" rel="page-685096" href="../../../../id3/413/685096.html">Epicerie salée BIO</a></h3><ul class="menu"><li><a href="../../../epicerie-sal%25C3%25A9e-bio/conserves,-plats-cuisin%25C3%25A9s/id0/685097.html">Conserves, Plats cuisinés</a></li><li><a href="../../../epicerie-sal%25C3%25A9e-bio/p%25C3%25A2tes,-riz,-l%25C3%25A9gumes-secs/id0/685099.html">Pâtes, Riz, Légumes secs</a></li><li><a href="../../../epicerie-sal%25C3%25A9e-bio/soupes,-sauces,-condiments/id0/687251.html">Soupes, Sauces, Condiments</a></li></ul></li><li><h3><a title="Produits du monde" rel="page-764962" href="../../../../id3/413/764962.html">Produits du monde</a></h3><ul class="menu"><li><a href="../../../produits-du-monde/tex-mex/id0/764963.html">Tex mex</a></li><li><a href="../../../produits-du-monde/asie/id0/764964.html">Asie</a></li></ul></li></ul><?xml version="1.0" encoding="UTF-8"?><a href="http://www.auchandirect.fr/rayon/121413"><img src="http://www.auchandirect.fr/static/S1213SALE.jpg" alt="-25% sur Barilla" title="-25% sur Barilla" width="150" height="275" /></a>     
<div class="clear"></div></div><div class="clear"></div></div></div></div></li><li><a title="RR1007" href="674.html#">Petit-Déjeuner<br/>Epicerie Sucrée</a><div class="hovered_big_menu" id="4092"><div class="menu-panel"><div class="menu-listes-container float-container"><div class="menu-listes"><ul class="menu menu-horizontal menu_left"><li><h3><a title="RR2029" rel="page-484" href="../../../../id3/409/484.html">Petit-déjeuner</a></h3><ul class="menu"><li><a href="../../../../petit-d%25C3%25A9jeuner-epicerie-sucr%25C3%25A9e/petit-d%25C3%25A9jeuner/dosettes,-capsules/id0/431984.html">Dosettes, Capsules</a></li><li><a href="../../../../petit-d%25C3%25A9jeuner-epicerie-sucr%25C3%25A9e/petit-d%25C3%25A9jeuner/caf%25C3%25A9s,-chicor%25C3%25A9es,-chocolats/id0/710.html">Cafés, Chicorées, Chocolats</a></li><li><a href="../../../../petit-d%25C3%25A9jeuner-epicerie-sucr%25C3%25A9e/petit-d%25C3%25A9jeuner/th%25C3%25A9s,-infusions/id0/715.html">Thés, Infusions</a></li><li><a href="../../../../petit-d%25C3%25A9jeuner-epicerie-sucr%25C3%25A9e/petit-d%25C3%25A9jeuner/c%25C3%25A9r%25C3%25A9ales/id0/709.html">Céréales</a></li><li><a href="../../../../petit-d%25C3%25A9jeuner-epicerie-sucr%25C3%25A9e/petit-d%25C3%25A9jeuner/biscottes,-tartines/id0/708.html">Biscottes, Tartines</a></li><li><a href="../../../../petit-d%25C3%25A9jeuner-epicerie-sucr%25C3%25A9e/petit-d%25C3%25A9jeuner/pains-et-viennoiseries/id0/716.html">Pains et Viennoiseries</a></li><li><a href="../../../../petit-d%25C3%25A9jeuner-epicerie-sucr%25C3%25A9e/petit-d%25C3%25A9jeuner/confitures,-miels,-p%25C3%25A2tes-%25C3%25A0-tartiner/id0/712.html">Confitures, Miels, Pâtes à Tartiner</a></li><li><a href="../../../../petit-d%25C3%25A9jeuner-epicerie-sucr%25C3%25A9e/petit-d%25C3%25A9jeuner/jus-de-fruits/id0/713.html">Jus de Fruits</a></li><li><a href="../../../../petit-d%25C3%25A9jeuner-epicerie-sucr%25C3%25A9e/petit-d%25C3%25A9jeuner/laits/id0/714.html">Laits</a></li></ul></li><li><h3><a title="RR2026" rel="page-483" href="../../../../id3/409/483.html">Biscuits, Goûters</a></h3><ul class="menu"><li><a href="../../../../petit-d%25C3%25A9jeuner-epicerie-sucr%25C3%25A9e/biscuits,-go%25C3%25BBters/biscuits/id0/693.html">Biscuits</a></li><li><a href="../../../../petit-d%25C3%25A9jeuner-epicerie-sucr%25C3%25A9e/biscuits,-go%25C3%25BBters/go%25C3%25BBters/id0/431989.html">Goûters </a></li><li><a href="../../../../petit-d%25C3%25A9jeuner-epicerie-sucr%25C3%25A9e/biscuits,-go%25C3%25BBters/p%25C3%25A2tisseries/id0/696.html">Pâtisseries</a></li><li><a href="../../../../petit-d%25C3%25A9jeuner-epicerie-sucr%25C3%25A9e/biscuits,-go%25C3%25BBters/compotes-enfants/id0/856862.html">Compotes enfants</a></li></ul></li><li><h3><a title="RR2027" rel="page-485" href="../../../../id3/409/485.html">Chocolats, Confiseries</a></h3><ul class="menu"><li><a href="../../../../petit-d%25C3%25A9jeuner-epicerie-sucr%25C3%25A9e/chocolats,-confiseries/tablettes-de-chocolat/id0/701.html">Tablettes de Chocolat</a></li><li><a href="../../../../petit-d%25C3%25A9jeuner-epicerie-sucr%25C3%25A9e/chocolats,-confiseries/confiseries-chocolat%25C3%25A9es/id0/698.html">Confiseries Chocolatées</a></li><li><a href="../../../../petit-d%25C3%25A9jeuner-epicerie-sucr%25C3%25A9e/chocolats,-confiseries/bonbons/id0/699.html">Bonbons</a></li><li><a href="../../../../petit-d%25C3%25A9jeuner-epicerie-sucr%25C3%25A9e/chocolats,-confiseries/chewing-gum/id0/700.html">Chewing Gum</a></li><li><a href="../../../../petit-d%25C3%25A9jeuner-epicerie-sucr%25C3%25A9e/chocolats,-confiseries/petite-confiserie/id0/702.html">Petite Confiserie</a></li></ul></li><li><h3><a title="RR2028" rel="page-486" href="../../../../id3/409/486.html">Desserts, Ingrédients</a></h3><ul class="menu"><li><a href="../../../../petit-d%25C3%25A9jeuner-epicerie-sucr%25C3%25A9e/desserts,-ingr%25C3%25A9dients/sucres,-farines,-levures/id0/706.html">Sucres, Farines, Levures</a></li><li><a href="../../../../petit-d%25C3%25A9jeuner-epicerie-sucr%25C3%25A9e/desserts,-ingr%25C3%25A9dients/compotes,-cr%25C3%25A8mes/id0/704.html">Compotes, Crèmes</a></li><li><a href="../../../../petit-d%25C3%25A9jeuner-epicerie-sucr%25C3%25A9e/desserts,-ingr%25C3%25A9dients/desserts-%25C3%25A0-pr%25C3%25A9parer/id0/703.html">Desserts à Préparer</a></li><li><a href="../../../../petit-d%25C3%25A9jeuner-epicerie-sucr%25C3%25A9e/desserts,-ingr%25C3%25A9dients/fruits-au-sirop/id0/705.html">Fruits au Sirop</a></li><li><a href="../../../../petit-d%25C3%25A9jeuner-epicerie-sucr%25C3%25A9e/desserts,-ingr%25C3%25A9dients/aides-%25C3%25A0-la-p%25C3%25A2tisserie/id0/707.html">Aides à la Pâtisserie</a></li></ul></li><li><h3><a title="Bien Etre, Forme" rel="page-431988" href="../../../../id3/409/431988.html">Bien Etre, Forme</a></h3><ul class="menu"><li><a href="../../../../petit-d%25C3%25A9jeuner-epicerie-sucr%25C3%25A9e/bien-etre,-forme/petit-d%25C3%25A9jeuner/id0/431990.html">Petit Déjeuner</a></li><li><a href="../../../../petit-d%25C3%25A9jeuner-epicerie-sucr%25C3%25A9e/bien-etre,-forme/biscuits,-go%25C3%25BBters/id0/431991.html">Biscuits, Goûters</a></li><li><a href="../../../../petit-d%25C3%25A9jeuner-epicerie-sucr%25C3%25A9e/bien-etre,-forme/compl%25C3%25A9ments-alimentaires/id0/431992.html">Compléments alimentaires</a></li><li><a href="../../../../petit-d%25C3%25A9jeuner-epicerie-sucr%25C3%25A9e/bien-etre,-forme/sans-gluten/id0/431993.html">Sans gluten</a></li></ul></li><li><h3><a title="Epicerie sucrée Bio" rel="page-685084" href="../../../../id3/409/685084.html">Epicerie sucrée Bio</a></h3><ul class="menu"><li><a href="../../../../petit-d%25C3%25A9jeuner-epicerie-sucr%25C3%25A9e/epicerie-sucr%25C3%25A9e-bio/caf%25C3%25A9,-th%25C3%25A9s/id0/687260.html">Café, Thés</a></li><li><a href="../../../../petit-d%25C3%25A9jeuner-epicerie-sucr%25C3%25A9e/epicerie-sucr%25C3%25A9e-bio/c%25C3%25A9r%25C3%25A9ales/id0/687270.html">Céréales </a></li><li><a href="../../../../petit-d%25C3%25A9jeuner-epicerie-sucr%25C3%25A9e/epicerie-sucr%25C3%25A9e-bio/confitures,-miels,-p%25C3%25A2tes-%25C3%25A0-tartiner/id0/687268.html">Confitures, Miels, Pâtes à tartiner</a></li><li><a href="../../../../petit-d%25C3%25A9jeuner-epicerie-sucr%25C3%25A9e/epicerie-sucr%25C3%25A9e-bio/biscuits/id0/685091.html">Biscuits </a></li><li><a href="../../../../petit-d%25C3%25A9jeuner-epicerie-sucr%25C3%25A9e/epicerie-sucr%25C3%25A9e-bio/farines,-sucres/id0/687265.html">Farines, Sucres </a></li><li><a href="../../../../petit-d%25C3%25A9jeuner-epicerie-sucr%25C3%25A9e/epicerie-sucr%25C3%25A9e-bio/tablettes-de-chocolat/id0/689173.html">Tablettes de chocolat</a></li><li><a href="../../../../petit-d%25C3%25A9jeuner-epicerie-sucr%25C3%25A9e/epicerie-sucr%25C3%25A9e-bio/compotes,-cr%25C3%25A8mes/id0/689171.html">Compotes, Crèmes </a></li></ul></li><li><h3><a title="Chocolats de Pâques" rel="page-788713" href="../../../../id3/409/788713.html">Chocolats de Pâques</a></h3><ul class="menu"><li><a href="../../../../petit-d%25C3%25A9jeuner-epicerie-sucr%25C3%25A9e/chocolats-de-p%25C3%25A2ques/chocolats-de-p%25C3%25A2ques/id0/788714.html">Chocolats de Pâques</a></li></ul></li></ul><?xml version="1.0" encoding="UTF-8"?><a href="http://www.auchandirect.fr/rayon/755420"><img src="http://www.auchandirect.fr/static/S1113CHOCOLAT.jpg" alt="D&eacute;couvrez nos offres en chocolats" title="D&eacute;couvrez nos offres en chocolats" /><img src="http://www.auchandirect.fr/static/S1113chocolat.jpg" alt="D&eacute;couvrez nos offres de chocolat" title="D&eacute;couvrez nos offres de chocolat" /></a>    
<div class="clear"></div></div><div class="clear"></div></div></div></div></li><li><a title="RR1008" href="674.html#">Boissons</a><div class="hovered_big_menu" id="4112"><div class="menu-panel"><div class="menu-listes-container float-container"><div class="menu-listes"><ul class="menu menu-horizontal menu_left"><li><h3><a title="RR2030" rel="page-478" href="../../../../id3/411/478.html">Eaux</a></h3><ul class="menu"><li><a href="../../../../boissons/eaux/eaux-plates/id0/667.html">Eaux plates</a></li><li><a href="../../../../boissons/eaux/eaux-gazeuses/id0/663.html">Eaux gazeuses</a></li><li><a href="../../../../boissons/eaux/eaux-aromatis%25C3%25A9es/id0/666.html">Eaux aromatisées</a></li><li><a href="../../../../boissons/eaux/boutique-evian/id0/786012.html">Boutique Evian</a></li><li><a href="../../../../boissons/eaux/boutique-perrier/id0/786013.html">Boutique Perrier</a></li></ul></li><li><h3><a title="RR2031" rel="page-476" href="../../../../id3/411/476.html">Jus, Softs</a></h3><ul class="menu"><li><a href="../../../../boissons/jus,-softs/jus-de-fruits,-l%25C3%25A9gumes/id0/672.html">Jus de fruits, Légumes</a></li><li><a href="../../../../boissons/jus,-softs/jus-de-fruits-frais/id0/433470.html">Jus de fruits frais</a></li><li><a href="../../../../boissons/jus,-softs/colas,-boissons-gazeuses/id0/671.html">Colas, Boissons gazeuses</a></li><li><a href="../../../../boissons/jus,-softs/boissons-aromatis%25C3%25A9es,-sirops/id0/670.html">Boissons aromatisées, Sirops</a></li><li><a href="../../../../boissons/jus,-softs/energ%25C3%25A9tiques,-sports/id0/431982.html">Energétiques, Sports</a></li></ul></li><li><h3><a title="RR2058" rel="page-506" href="../../../../id3/411/506.html">Vins et Champagnes</a></h3><ul class="menu"><li><a href="../../../../boissons/vins-et-champagnes/vins-rouges/id0/822.html">Vins rouges</a></li><li><a href="../../../../boissons/vins-et-champagnes/vins-blancs/id0/819.html">Vins blancs</a></li><li><a href="../../../../boissons/vins-et-champagnes/vins-ros%25C3%25A9s/id0/821.html">Vins rosés</a></li><li><a href="../../../../boissons/vins-et-champagnes/champagnes-et-vins-p%25C3%25A9tillants/id0/818.html">Champagnes et vins pétillants</a></li><li><a href="../../../../boissons/vins-et-champagnes/foire-aux-vins-de-printemps/id0/685088.html">Foire aux vins de printemps</a></li></ul></li><li><h3><a title="RR3373" rel="page-445712" href="../../../../id3/411/445712.html">Produits Salés Apéritifs</a></h3><ul class="menu"><li><a href="../../../../boissons/produits-sal%25C3%25A9s-ap%25C3%25A9ritifs/chips,-tuiles/id0/445713.html">Chips, Tuiles</a></li><li><a href="../../../../boissons/produits-sal%25C3%25A9s-ap%25C3%25A9ritifs/cacahu%25C3%25A8tes,-autres-graines/id0/445714.html">Cacahuètes, Autres Graines</a></li><li><a href="../../../../boissons/produits-sal%25C3%25A9s-ap%25C3%25A9ritifs/biscuits-sal%25C3%25A9s,-souffl%25C3%25A9s/id0/445715.html">Biscuits Salés, Soufflés</a></li><li><a href="../../../../boissons/produits-sal%25C3%25A9s-ap%25C3%25A9ritifs/autres-produits-ap%25C3%25A9ritifs/id0/445716.html">Autres Produits Apéritifs</a></li></ul></li><li><h3><a title="RR2032" rel="page-475" href="../../../../id3/411/475.html">Apéritifs, Digestifs</a></h3><ul class="menu"><li><a href="../../../../boissons/ap%25C3%25A9ritifs,-digestifs/whiskies/id0/661.html">Whiskies</a></li><li><a href="../../../../boissons/ap%25C3%25A9ritifs,-digestifs/ap%25C3%25A9ritifs,-anis%25C3%25A9s/id0/662.html">Apéritifs, Anisés</a></li><li><a href="../../../../boissons/ap%25C3%25A9ritifs,-digestifs/digestifs/id0/658.html">Digestifs</a></li><li><a href="../../../../boissons/ap%25C3%25A9ritifs,-digestifs/autres-alcools/id0/431962.html">Autres alcools</a></li><li><a href="../../../../boissons/ap%25C3%25A9ritifs,-digestifs/sans-alcool/id0/431963.html">Sans alcool</a></li></ul></li><li><h3><a title="RR2033" rel="page-474" href="../../../../id3/411/474.html">Bières, Cidres</a></h3><ul class="menu"><li><a href="../../../../boissons/bi%25C3%25A8res,-cidres/bi%25C3%25A8res/id0/664.html">Bières</a></li><li><a href="../../../../boissons/bi%25C3%25A8res,-cidres/cidres/id0/665.html">Cidres</a></li></ul></li><li><h3><a title="Boissons Bio" rel="page-731715" href="../../../../id3/411/731715.html">Boissons Bio</a></h3><ul class="menu"><li><a href="../../../../boissons/boissons-bio/jus-de-fruits-frais/id0/736713.html">Jus de fruits frais</a></li><li><a href="../../../../boissons/boissons-bio/jus-de-fruits,-l%25C3%25A9gumes/id0/736714.html">Jus de fruits, Légumes</a></li><li><a href="../../../../boissons/boissons-bio/lait,-soja,-riz/id0/736715.html">Lait, Soja, Riz</a></li><li><a href="../../../../boissons/boissons-bio/vins,-cidres/id0/736712.html">Vins, Cidres</a></li></ul></li></ul><?xml version="1.0" encoding="UTF-8"?><a href="http://www.auchandirect.fr/rayon/384079"><img src="http://www.auchandirect.fr/static/s1213boisson.jpg" alt="Champagne Heidsieck Monopole" title="Champagne Heidsieck Monopole" /></a>     
<div class="clear"></div></div><div class="clear"></div></div></div></div></li><li><a title="RR1012" href="674.html#">Bébé</a><div class="hovered_big_menu" id="4102"><div class="menu-panel"><div class="menu-listes-container float-container"><div class="menu-listes"><ul class="menu menu-horizontal menu_left"><li><h3><a title="RR2048" rel="page-490" href="../../../../id3/410/490.html">Couches, Culottes</a></h3><ul class="menu"><li><a href="../../../../b%25C3%25A9b%25C3%25A9/couches,-culottes/nouveau-n%25C3%25A9s-(taille-1-et-2)/id0/718.html">Nouveau-nés (Taille 1 et 2)</a></li><li><a href="../../../../b%25C3%25A9b%25C3%25A9/couches,-culottes/3-9-kg-(taille-3-et-4)/id0/721.html">3-9 kg (Taille 3 et 4)</a></li><li><a href="../../../../b%25C3%25A9b%25C3%25A9/couches,-culottes/7-20-kg-(taille-3,-4-et-5)/id0/717.html">7-20 kg (Taille 4 et 5)</a></li><li><a href="../../../../b%25C3%25A9b%25C3%25A9/couches,-culottes/11-35-kg-(taille-4-et-5)/id0/719.html">11-35 kg (Taille 4 et 5)</a></li><li><a href="../../../../b%25C3%25A9b%25C3%25A9/couches,-culottes/culottes/id0/720.html">Culottes</a></li></ul></li><li><h3><a title="RR2047" rel="page-487" href="../../../../id3/410/487.html">Laits bébé</a></h3><ul class="menu"><li><a href="../../../../b%25C3%25A9b%25C3%25A9/laits-b%25C3%25A9b%25C3%25A9/croissance/id0/725.html">Croissance</a></li><li><a href="../../../../b%25C3%25A9b%25C3%25A9/laits-b%25C3%25A9b%25C3%25A9/laits-1er-age/id0/722.html">Laits 1er Age</a></li><li><a href="../../../../b%25C3%25A9b%25C3%25A9/laits-b%25C3%25A9b%25C3%25A9/laits-2%25C3%25A8me-age/id0/723.html">Laits 2ème Age</a></li><li><a href="../../../../b%25C3%25A9b%25C3%25A9/laits-b%25C3%25A9b%25C3%25A9/laits-infantiles-bio/id0/724.html">Laits Infantiles Bio</a></li></ul></li><li><h3><a title="RR2046" rel="page-488" href="../../../../id3/410/488.html">Alimentation bébé</a></h3><ul class="menu"><li><a href="../../../../b%25C3%25A9b%25C3%25A9/alimentation-b%25C3%25A9b%25C3%25A9/petit-d%25C3%25A9jeuner/id0/727.html">Petit-déjeuner</a></li><li><a href="../../../../b%25C3%25A9b%25C3%25A9/alimentation-b%25C3%25A9b%25C3%25A9/petits-pots,-assiettes/id0/729.html">Petits Pots, Assiettes</a></li><li><a href="../../../../b%25C3%25A9b%25C3%25A9/alimentation-b%25C3%25A9b%25C3%25A9/go%25C3%25BBters,-desserts/id0/730.html">Goûters, Desserts</a></li><li><a href="../../../../b%25C3%25A9b%25C3%25A9/alimentation-b%25C3%25A9b%25C3%25A9/boissons/id0/728.html">Boissons</a></li><li><a href="../../../../b%25C3%25A9b%25C3%25A9/alimentation-b%25C3%25A9b%25C3%25A9/alimentation-b%25C3%25A9b%25C3%25A9-bio/id0/726.html">Alimentation Bébé Bio</a></li></ul></li><li><h3><a title="RR2049" rel="page-489" href="../../../../id3/410/489.html">Toilette et Soin</a></h3><ul class="menu"><li><a href="../../../../b%25C3%25A9b%25C3%25A9/toilette-et-soin/cotons,-lingettes/id0/731.html">Cotons, Lingettes</a></li><li><a href="../../../../b%25C3%25A9b%25C3%25A9/toilette-et-soin/toilette/id0/732.html">Toilette</a></li><li><a href="../../../../b%25C3%25A9b%25C3%25A9/toilette-et-soin/soins/id0/733.html">Soins</a></li><li><a href="../../../../b%25C3%25A9b%25C3%25A9/toilette-et-soin/accessoires-de-pu%25C3%25A9riculture/id0/736.html">Accessoires de Puériculture</a></li><li><a href="../../../../b%25C3%25A9b%25C3%25A9/toilette-et-soin/pour-la-maman/id0/734.html">Pour la Maman</a></li></ul></li><li><h3><a title="Bébé Bio" rel="page-689179" href="../../../../id3/410/689179.html">Bébé Bio</a></h3><ul class="menu"><li><a href="../../../../b%25C3%25A9b%25C3%25A9/b%25C3%25A9b%25C3%25A9-bio/laits-infantiles/id0/693965.html">Laits infantiles</a></li><li><a href="../../../../b%25C3%25A9b%25C3%25A9/b%25C3%25A9b%25C3%25A9-bio/petit-d%25C3%25A9jeuner/id0/693964.html">Petit déjeuner</a></li><li><a href="../../../../b%25C3%25A9b%25C3%25A9/b%25C3%25A9b%25C3%25A9-bio/petits-pots,-assiettes/id0/689182.html">Petits pots, Assiettes </a></li><li><a href="../../../../b%25C3%25A9b%25C3%25A9/b%25C3%25A9b%25C3%25A9-bio/desserts-et-go%25C3%25BBters/id0/689184.html">Desserts et goûters </a></li><li><a href="../../../../b%25C3%25A9b%25C3%25A9/b%25C3%25A9b%25C3%25A9-bio/boissons/id0/689183.html">Boissons</a></li><li><a href="../../../../b%25C3%25A9b%25C3%25A9/b%25C3%25A9b%25C3%25A9-bio/toilette-et-soin/id0/689180.html">Toilette et soin</a></li></ul></li></ul><?xml version="1.0" encoding="UTF-8"?><a href="http://www.auchandirect.fr/rayon/872514"><img src="http://www.auchandirect.fr/static/S1313bebe.jpg" alt="Promo sur Gallia" title="Promo sur Gallia" width="150" height="275" /></a>    
<div class="clear"></div></div><div class="clear"></div></div></div></div></li><li><a title="RR1001" href="674.html#">Bio<br/>Ecolo</a><div class="hovered_big_menu" id="4052"><div class="menu-panel"><div class="menu-listes-container float-container"><div class="menu-listes"><ul class="menu menu-horizontal menu_left"><li><h3><a title="RR2002" rel="page-456" href="../../../../id3/405/456.html">Produits Frais et Surgelés Bio</a></h3><ul class="menu"><li><a href="../../../../bio-ecolo/produits-frais-et-surgel%25C3%25A9s-bio/charcuterie,-traiteur/id0/575.html">Charcuterie,  Traiteur</a></li><li><a href="../../../../bio-ecolo/produits-frais-et-surgel%25C3%25A9s-bio/fruits,-l%25C3%25A9gumes/id0/574.html">Fruits,  Légumes</a></li><li><a href="../../../../bio-ecolo/produits-frais-et-surgel%25C3%25A9s-bio/cr%25C3%25A9merie---fromages---oeufs/id0/576.html">Crémerie - Fromages - Oeufs</a></li><li><a href="../../../../bio-ecolo/produits-frais-et-surgel%25C3%25A9s-bio/surgel%25C3%25A9s/id0/577.html">Surgelés</a></li><li><a href="../../../../bio-ecolo/produits-frais-et-surgel%25C3%25A9s-bio/viandes,-volailles,-poissons/id0/578.html">Viandes,  Volailles,  Poissons</a></li></ul></li><li><h3><a title="RR2003" rel="page-458" href="../../../../id3/405/458.html">Epicerie Bio</a></h3><ul class="menu"><li><a href="../../../../bio-ecolo/epicerie-bio/biscuits/id0/567.html">Biscuits</a></li><li><a href="../../../../bio-ecolo/epicerie-bio/desserts/id0/731714.html">Desserts</a></li><li><a href="../../../../bio-ecolo/epicerie-bio/petit-d%25C3%25A9jeuner/id0/573.html">Petit-déjeuner</a></li><li><a href="../../../../bio-ecolo/epicerie-bio/conserves,-plats-cuisin%25C3%25A9s/id0/565.html">Conserves,  Plats Cuisinés</a></li><li><a href="../../../../bio-ecolo/epicerie-bio/p%25C3%25A2tes,-riz,-c%25C3%25A9r%25C3%25A9ales/id0/570.html">Pâtes,  Riz,  Céréales</a></li><li><a href="../../../../bio-ecolo/epicerie-bio/sauces,-condiments/id0/572.html">Sauces,  Condiments</a></li><li><a href="../../../../bio-ecolo/epicerie-bio/chocolats/id0/693962.html">Chocolats</a></li></ul></li><li><h3><a title="RR2004" rel="page-455" href="../../../../id3/405/455.html">Boissons Bio</a></h3><ul class="menu"><li><a href="../../../../bio-ecolo/boissons-bio/lait,-soja,-riz/id0/563.html">Lait,  Soja, riz</a></li><li><a href="../../../../bio-ecolo/boissons-bio/jus-de-fruits,-l%25C3%25A9gumes/id0/557.html">Jus de Fruits,  Légumes</a></li><li><a href="../../../../bio-ecolo/boissons-bio/alcools/id0/554.html">Alcools</a></li></ul></li><li><h3><a title="RR2001" rel="page-454" href="../../../../id3/405/454.html">Bébé Bio</a></h3><ul class="menu"><li><a href="../../../../bio-ecolo/b%25C3%25A9b%25C3%25A9-bio/alimentation-b%25C3%25A9b%25C3%25A9/id0/558.html">Alimentation Bébé</a></li><li><a href="../../../../bio-ecolo/b%25C3%25A9b%25C3%25A9-bio/laits-b%25C3%25A9b%25C3%25A9/id0/556.html">Laits Bébé</a></li><li><a href="../../../../bio-ecolo/b%25C3%25A9b%25C3%25A9-bio/toilette,-soins/id0/555.html">Toilette, Soins</a></li></ul></li><li><h3><a title="RR2005" rel="page-457" href="../../../../id3/405/457.html">Entretien,  Hygiène Bio Ecolo</a></h3><ul class="menu"><li><a href="../../../../bio-ecolo/entretien,-hygi%25C3%25A8ne-bio-ecolo/soins-de-la-personne/id0/562.html">Soins de la Personne</a></li><li><a href="../../../../bio-ecolo/entretien,-hygi%25C3%25A8ne-bio-ecolo/piles,-ampoules/id0/564.html">Piles, Ampoules</a></li><li><a href="../../../../bio-ecolo/entretien,-hygi%25C3%25A8ne-bio-ecolo/vaisselle/id0/689175.html">Vaisselle</a></li><li><a href="../../../../bio-ecolo/entretien,-hygi%25C3%25A8ne-bio-ecolo/cuisine/id0/689176.html">Cuisine</a></li><li><a href="../../../../bio-ecolo/entretien,-hygi%25C3%25A8ne-bio-ecolo/produits-m%25C3%25A9nagers/id0/689177.html">Produits ménagers</a></li><li><a href="../../../../bio-ecolo/entretien,-hygi%25C3%25A8ne-bio-ecolo/papiers/id0/689178.html">Papiers</a></li></ul></li></ul><?xml version="1.0" encoding="UTF-8"?><a href="../../../../bio-ecolo/entretien,-hygi%25C3%25A8ne-bio-ecolo/produits-m%25C3%25A9nagers/id0/689177.html"><img src="http://www.auchandirect.fr/static/s1213bio.jpg" alt="Nettoyez Sain,respirez sain" title="Nettoyez Sain,Respirez sain" width="150" height="275" /></a>   
<div class="clear"></div></div><div class="clear"></div></div></div></div></li><li><a title="RR1010" href="674.html#">Hygiène<br/>Beauté</a><div class="hovered_big_menu" id="4122"><div class="menu-panel"><div class="menu-listes-container float-container"><div class="menu-listes"><ul class="menu menu-horizontal menu_left"><li><h3><a title="RR2038" rel="page-492" href="../../../../id3/412/492.html">Corps</a></h3><ul class="menu"><li><a href="../../../../hygi%25C3%25A8ne-beaut%25C3%25A9/corps/douche,-bain/id0/746.html">Douche, Bain</a></li><li><a href="../../../../hygi%25C3%25A8ne-beaut%25C3%25A9/corps/savons/id0/748.html">Savons</a></li><li><a href="../../../../hygi%25C3%25A8ne-beaut%25C3%25A9/corps/d%25C3%25A9odorants/id0/744.html">Déodorants</a></li><li><a href="../../../../hygi%25C3%25A8ne-beaut%25C3%25A9/corps/cr%25C3%25A8mes,-soins-du-corps/id0/745.html">Crèmes, Soins du Corps</a></li><li><a href="../../../../hygi%25C3%25A8ne-beaut%25C3%25A9/corps/soins-mains,-pieds/id0/751.html">Soins Mains, Pieds</a></li><li><a href="../../../../hygi%25C3%25A8ne-beaut%25C3%25A9/corps/epilation-f%25C3%25A9minine/id0/750.html">Epilation Féminine</a></li><li><a href="../../../../hygi%25C3%25A8ne-beaut%25C3%25A9/corps/hygi%25C3%25A8ne-intime/id0/749.html">Hygiène intime</a></li><li><a href="../../../../hygi%25C3%25A8ne-beaut%25C3%25A9/corps/solaires/id0/754.html">Solaires</a></li></ul></li><li><h3><a title="RR2037" rel="page-491" href="../../../../id3/412/491.html">Cheveux</a></h3><ul class="menu"><li><a href="../../../../hygi%25C3%25A8ne-beaut%25C3%25A9/cheveux/shampooings/id0/743.html">Shampooings</a></li><li><a href="../../../../hygi%25C3%25A8ne-beaut%25C3%25A9/cheveux/apr%25C3%25A8s-shampooings/id0/738.html">Après shampooings</a></li><li><a href="../../../../hygi%25C3%25A8ne-beaut%25C3%25A9/cheveux/masques,-soins-capillaires/id0/741.html">Masques, Soins Capillaires</a></li><li><a href="../../../../hygi%25C3%25A8ne-beaut%25C3%25A9/cheveux/coiffants/id0/740.html">Coiffants</a></li></ul></li><li><h3><a title="RR2036" rel="page-493" href="../../../../id3/412/493.html">Visage</a></h3><ul class="menu"><li><a href="../../../../hygi%25C3%25A8ne-beaut%25C3%25A9/visage/cotons,-lingettes/id0/761.html">Cotons, Lingettes</a></li><li><a href="../../../../hygi%25C3%25A8ne-beaut%25C3%25A9/visage/toilette-du-visage/id0/766.html">Toilette du Visage</a></li><li><a href="../../../../hygi%25C3%25A8ne-beaut%25C3%25A9/visage/soins-dentaires/id0/764.html">Soins Dentaires</a></li><li><a href="../../../../hygi%25C3%25A8ne-beaut%25C3%25A9/visage/soins-du-visage/id0/767.html">Soins du Visage</a></li><li><a href="../../../../hygi%25C3%25A8ne-beaut%25C3%25A9/visage/maquillage/id0/765.html">Maquillage</a></li></ul></li><li><h3><a title="Hommes" rel="page-433468" href="../../../../id3/412/433468.html">Hommes</a></h3><ul class="menu"><li><a href="../../../../hygi%25C3%25A8ne-beaut%25C3%25A9/hommes/rasage,-soins-hommes/id0/763.html">Rasage, Soins Hommes</a></li><li><a href="../../../../hygi%25C3%25A8ne-beaut%25C3%25A9/hommes/cheveux/id0/739.html">Cheveux</a></li><li><a href="../../../../hygi%25C3%25A8ne-beaut%25C3%25A9/hommes/douche,-bain/id0/747.html">Douche, Bain</a></li><li><a href="../../../../hygi%25C3%25A8ne-beaut%25C3%25A9/hommes/d%25C3%25A9odorants/id0/1707.html">Déodorants</a></li></ul></li><li><h3><a title="RR2040" rel="page-494" href="../../../../id3/412/494.html">Papier, Parapharmacie</a></h3><ul class="menu"><li><a href="../../../../hygi%25C3%25A8ne-beaut%25C3%25A9/papier,-parapharmacie/papiers-toilette/id0/753.html">Papiers toilette</a></li><li><a href="../../../../hygi%25C3%25A8ne-beaut%25C3%25A9/papier,-parapharmacie/essuie-tout/id0/752.html">Essuie-tout</a></li><li><a href="../../../../hygi%25C3%25A8ne-beaut%25C3%25A9/papier,-parapharmacie/mouchoirs/id0/756.html">Mouchoirs</a></li><li><a href="../../../../hygi%25C3%25A8ne-beaut%25C3%25A9/papier,-parapharmacie/parapharmacie/id0/495.html">Parapharmacie</a></li><li><a href="../../../../hygi%25C3%25A8ne-beaut%25C3%25A9/papier,-parapharmacie/solaires/id0/759.html">Solaires</a></li></ul></li><li><h3><a title="Hygiène Beauté Bio" rel="page-689162" href="../../../../id3/412/689162.html">Hygiène Beauté Bio</a></h3><ul class="menu"><li><a href="../../../../hygi%25C3%25A8ne-beaut%25C3%25A9/hygi%25C3%25A8ne-beaut%25C3%25A9-bio/cotons,-lingettes/id0/689163.html">Cotons, Lingettes </a></li><li><a href="../../../../hygi%25C3%25A8ne-beaut%25C3%25A9/hygi%25C3%25A8ne-beaut%25C3%25A9-bio/cr%25C3%25A8mes,-soins-du-corps/id0/689164.html">Crèmes, Soins du corps </a></li><li><a href="../../../../hygi%25C3%25A8ne-beaut%25C3%25A9/hygi%25C3%25A8ne-beaut%25C3%25A9-bio/d%25C3%25A9odorants/id0/689165.html">Déodorants</a></li><li><a href="../../../../hygi%25C3%25A8ne-beaut%25C3%25A9/hygi%25C3%25A8ne-beaut%25C3%25A9-bio/douches,-bains/id0/689166.html">Douches, Bains </a></li><li><a href="../../../../hygi%25C3%25A8ne-beaut%25C3%25A9/hygi%25C3%25A8ne-beaut%25C3%25A9-bio/shampooings/id0/689168.html">Shampooings Bio</a></li><li><a href="../../../../hygi%25C3%25A8ne-beaut%25C3%25A9/hygi%25C3%25A8ne-beaut%25C3%25A9-bio/soins-du-visage/id0/689169.html">Soins du visage Bio</a></li><li><a href="../../../../hygi%25C3%25A8ne-beaut%25C3%25A9/hygi%25C3%25A8ne-beaut%25C3%25A9-bio/toilette-du-visage/id0/689170.html">Toilette du visage Bio</a></li></ul></li></ul><?xml version="1.0" encoding="UTF-8"?><a href="http://www.auchandirect.fr/rayon/872513"><img src="http://www.auchandirect.fr/static/s1213hygiene.jpg" alt="Promo sur Tahiti" title="Promo sur Tahiti" width="150" height="275" /></a>    
<div class="clear"></div></div><div class="clear"></div></div></div></div></li><li><a title="RR1011" href="674.html#">Entretien</a><div class="hovered_big_menu" id="4142"><div class="menu-panel"><div class="menu-listes-container float-container"><div class="menu-listes"><ul class="menu menu-horizontal menu_left"><li><h3><a title="RR2045" rel="page-499" href="../../../../id3/414/499.html">Papiers</a></h3><ul class="menu"><li><a href="../../../../entretien/papiers/essuies-tout/id0/775.html">Essuies tout</a></li><li><a href="../../../../entretien/papiers/mouchoirs/id0/774.html">Mouchoirs</a></li><li><a href="../../../../entretien/papiers/papiers-toilette/id0/776.html">Papiers toilette</a></li></ul></li><li><h3><a title="RR2041" rel="page-500" href="../../../../id3/414/500.html">Soin du Linge</a></h3><ul class="menu"><li><a href="../../../../entretien/soin-du-linge/lessives/id0/792.html">Lessives</a></li><li><a href="../../../../entretien/soin-du-linge/assouplissants/id0/790.html">Assouplissants</a></li><li><a href="../../../../entretien/soin-du-linge/aides-au-lavage/id0/788.html">Aides au Lavage</a></li></ul></li><li><h3><a title="RR2043" rel="page-497" href="../../../../id3/414/497.html">Produits ménagers</a></h3><ul class="menu"><li><a href="../../../../entretien/produits-m%25C3%25A9nagers/cuisine,-salle-de-bain,-javel/id0/778.html">Cuisine, Salle de bain, Javel</a></li><li><a href="../../../../entretien/produits-m%25C3%25A9nagers/multi-usages/id0/784.html">Multi-usages</a></li><li><a href="../../../../entretien/produits-m%25C3%25A9nagers/lingettes-nettoyantes/id0/780.html">Lingettes Nettoyantes</a></li><li><a href="../../../../entretien/produits-m%25C3%25A9nagers/sols/id0/785.html">Sols</a></li><li><a href="../../../../entretien/produits-m%25C3%25A9nagers/vitres,-meubles/id0/787.html">Vitres, Meubles</a></li><li><a href="../../../../entretien/produits-m%25C3%25A9nagers/wc,-d%25C3%25A9boucheurs/id0/789.html">WC, Déboucheurs</a></li><li><a href="../../../../entretien/produits-m%25C3%25A9nagers/produits-ecolo/id0/786.html">Produits Ecolo</a></li></ul></li><li><h3><a title="RR2042" rel="page-496" href="../../../../id3/414/496.html">Vaisselle</a></h3><ul class="menu"><li><a href="../../../../entretien/vaisselle/lavage-en-machine/id0/793.html">Lavage en Machine</a></li><li><a href="../../../../entretien/vaisselle/liquides-vaisselle/id0/795.html">Liquides Vaisselle</a></li><li><a href="../../../../entretien/vaisselle/gants,-eponges/id0/794.html">Gants, Eponges</a></li></ul></li><li><h3><a title="RR2044" rel="page-498" href="../../../../id3/414/498.html">Cuisine</a></h3><ul class="menu"><li><a href="../../../../entretien/cuisine/sacs-poubelle/id0/773.html">Sacs Poubelle</a></li><li><a href="../../../../entretien/cuisine/aides-%25C3%25A0-la-conservation,-cuisson/id0/768.html">Aides à la Conservation, Cuisson</a></li><li><a href="../../../../entretien/cuisine/bo%25C3%25AEtes-herm%25C3%25A9tiques,-vaisselle-jetable/id0/770.html">Boîtes Hermétiques, Vaisselle Jetable</a></li><li><a href="../../../../entretien/cuisine/ustensiles-de-cuisine,-filtres-%25C3%25A0-caf%25C3%25A9/id0/769.html">Ustensiles de cuisine, Filtres à café</a></li><li><a href="../../../../entretien/cuisine/gants,-eponges/id0/772.html">Gants, Eponges</a></li></ul></li><li><h3><a title="Entretien Bio" rel="page-685085" href="../../../../id3/414/685085.html">Entretien Bio</a></h3><ul class="menu"><li><a href="../../../../entretien/entretien-bio/produits-m%25C3%25A9nagers/id0/685092.html">Produits ménagers </a></li><li><a href="../../../../entretien/entretien-bio/cuisine/id0/685098.html">Cuisine</a></li><li><a href="../../../../entretien/entretien-bio/papier/id0/687254.html">Papier Bio</a></li><li><a href="../../../../entretien/entretien-bio/vaisselle/id0/687255.html">Vaisselle </a></li></ul></li></ul><?xml version="1.0" encoding="UTF-8"?><a href="http://www.auchandirect.fr/rayon/872512"><img src="http://www.auchandirect.fr/static/s1213entretien.jpg" alt="Promo sur Moltonel" title="Promo sur Moltonel" width="150" height="275" /></a>    
<div class="clear"></div></div><div class="clear"></div></div></div></div></li><li><a title="RR1013" href="674.html#">Animaux<br/>Maison</a><div class="hovered_big_menu" id="4152"><div class="menu-panel"><div class="menu-listes-container float-container"><div class="menu-listes"><ul class="menu menu-horizontal menu_left"><li><h3><a title="RR2051" rel="page-501" href="../../../../id3/415/501.html">Animaux</a></h3><ul class="menu"><li><a href="../../../../animaux-maison/animaux/chats/id0/797.html">Chats</a></li><li><a href="../../../../animaux-maison/animaux/chiens/id0/798.html">Chiens</a></li><li><a href="../../../../animaux-maison/animaux/rongeurs---autres-animaux/id0/796.html">Rongeurs - Autres animaux</a></li></ul></li><li><h3><a title="RR2054" rel="page-503" href="../../../../id3/415/503.html">Droguerie</a></h3><ul class="menu"><li><a href="../../../../animaux-maison/droguerie/d%25C3%25A9sodorisants/id0/802.html">Désodorisants</a></li><li><a href="../../../../animaux-maison/droguerie/bougies,-allumettes/id0/799.html">Bougies, Allumettes</a></li><li><a href="../../../../animaux-maison/droguerie/insecticides/id0/803.html">Insecticides</a></li><li><a href="../../../../animaux-maison/droguerie/cirages/id0/801.html">Cirages</a></li></ul></li><li><h3><a title="RR2055" rel="page-505" href="../../../../id3/415/505.html">Maison pratique</a></h3><ul class="menu"><li><a href="../../../../animaux-maison/maison-pratique/accessoires-cuisine/id0/804.html">Accessoires Cuisine</a></li><li><a href="../../../../animaux-maison/maison-pratique/ampoules,-piles/id0/806.html">Ampoules, Piles</a></li><li><a href="../../../../animaux-maison/maison-pratique/allumettes/id0/808.html">Allumettes</a></li><li><a href="../../../../animaux-maison/maison-pratique/divers/id0/805.html">Divers</a></li></ul></li><li><h3><a title="RR2056" rel="page-504" href="../../../../id3/415/504.html">Papeterie</a></h3><ul class="menu"><li><a href="../../../../animaux-maison/papeterie/ecriture/id0/813.html">Ecriture</a></li><li><a href="../../../../animaux-maison/papeterie/papiers,-cahiers/id0/812.html">Papiers, Cahiers</a></li><li><a href="../../../../animaux-maison/papeterie/cartouches-imprimantes/id0/809.html">Cartouches imprimantes</a></li></ul></li><li><h3><a title="RR2052" rel="page-502" href="../../../../id3/415/502.html">Textile</a></h3><ul class="menu"><li><a href="../../../../animaux-maison/textile/collants,-leggings/id0/815.html">Collants, Leggings</a></li><li><a href="../../../../animaux-maison/textile/bas,-mi-bas/id0/814.html">Bas, Mi-bas</a></li><li><a href="../../../../animaux-maison/textile/destockage/id0/924212.html">Destockage</a></li></ul></li></ul><?xml version="1.0" encoding="UTF-8"?><a href="http://www.auchandirect.fr/rayon/565021"><img src="http://www.auchandirect.fr/static/s1213maison.jpg" alt="Promo sur Whiskas" title="Promo sur Whiskas" width="150" height="275" /></a>    
<div class="clear"></div></div><div class="clear"></div></div></div></div></li><li><a title="titre Boutiques" rel="page-boutiques" href="674.html#">Boutiques</a><div class="hovered_big_menu" id="4152"><div class="menu-panel"><div class="menu-listes-container float-container"><?xml version="1.0" encoding="UTF-8"?><div class="boutique-cont" style="background: none repeat scroll 0% 0% #ffffff; border-radius: 8px 8px 8px 8px; padding: 5px">
<div class="promo-moment" style="width: 590px; margin: 0px 0px 10px; float: left">
<h1>&Agrave; ne pas rater en ce moment</h1>
<ul>
	<li style="padding: 0px 12px; margin: 17px 0px">	
	<a style="background: none repeat scroll 0% 0% transparent ! important; border-left: medium none ! important; margin: 0px ! important; height: auto" href="http://www.auchandirect.fr/rayon/653712"><img src="http://www.auchandirect.fr/static/produitsmoins1euro.jpg" alt="Faites-vous plaisir!" /></a>	
	<h2>Faites-vous plaisir &agrave; petit prix</h2>	
	<p>
	Retrouvez plus de 100 produits du quotidien &agrave; moins d'1 euro  	
	</p>
	<a href="http://www.auchandirect.fr/rayon/653712">&gt;&gt; Voir les offres</a>	</li>	
	<li style="padding: 0px 12px; margin: 17px 0px"><a style="background: none repeat scroll 0% 0% transparent ! important; border-left: medium none ! important; margin: 0px ! important; height: auto" href="../../../../rayon.pagetemplate.fancycloseprovidergabarit.closebuttonhk%3Ft:ac=promos.html"><img src="http://www.auchandirect.fr/static/100promos.jpg" alt="Bonne Ann&eacute;e!" /> 	</a>	
	<h2>En promotion en ce moment ...</h2>	
	<p>
	Plus de 100 promos vous attendent chaque semaine
	</p>
	<a href="../../../../rayon.pagetemplate.fancycloseprovidergabarit.closebuttonhk%3Ft:ac=promos.html">&gt;&gt; Voir les offres</a>	</li>
</ul>
</div>
<div class="produits-a-decouvrir" style="float: right; margin: 0px 0px 10px">
<h2 style="color: #ffffff; background: none repeat scroll 0% 0% #ff7f1e; border-radius: 6px 6px 0px 0px">Je ma&icirc;trise mon budget</h2>
<ul>
	<li class="first-bord" style="float: left; border-top: 1px solid #ff7f1e ! important; padding-left: 9px">	<a style="background: none repeat scroll 0% 0% transparent ! important; border-left: medium none ! important; padding: 0px; margin: 0px ! important; float: left" href="http://www.auchandirect.fr/rayon/471412"><img src="http://www.auchandirect.fr/static/produitsauchan2.gif" alt="Produits Auchan" /></a>  	
	<div class="infos">
	<h3 style="font-size: 1.2em">Produits Auchan</h3>	
	<p style="font-size: 12px">
	Retrouvez une s&eacute;lection de pr&egrave;s de 100 produits Auchan du quotidien &agrave; petit prix	
	</p>
	<a style="border: medium none ! important; padding-left: 0px ! important" href="http://www.auchandirect.fr/rayon/471412">&gt;&gt; 	Parcourir</a>	
	</div>
	</li>	
	<li style="float: left; padding-left: 9px">	
	<a style="background: none repeat scroll 0% 0% transparent ! important; border-left: medium none ! important; padding: 0px; margin: 0px ! important; float: left" href="http://www.auchandirect.fr/rayon/82018"><img src="http://www.auchandirect.fr/static/bio1euro.gif" alt="Bioa1euro" /></a>
	<div class="infos">
	<h3 style="font-size: 1.2em">Le bio &agrave; moins d' 1 euro</h3>
	<p style="font-size: 12px">
	Restez bio toute l'ann&eacute;e sans vous ruiner !<a style="border: medium none ! important; padding-left: 0px ! important" href="http://www.auchandirect.fr/rayon/82018">&gt;&gt; D&eacute;couvrir</a>	
	</p>
	</div>
	</li>	
	<li style="float: left; padding-left: 9px">	<a style="background: none repeat scroll 0% 0% transparent ! important; border-left: medium none ! important; padding: 0px; margin: 0px ! important; float: left"><img src="http://www.auchandirect.fr/static/riketrok.gif" alt="Rik et Rok" /></a>	
	<div class="infos">
	<h3 style="font-size: 1.2em">Rik&amp;Rok</h3>	
	<p style="font-size: 12px">
	La gamme ludique et savoureuse pour le plus grand bonheur de vos enfants !	
	</p>
	<a style="border: medium none ! important; padding-left: 0px ! important" href="http://www.auchandirect.fr/rayon/562314">&gt;&gt; D&eacute;couvrir</a>	
	</div>
	</li>
</ul>
</div>
<div class="promo-bottom" style="margin: 0px ! important; overflow: hidden">
<a style="background: none repeat scroll 0% 0% transparent ! important; border-left: medium none ! important; padding: 0px; margin: 0px ! important; float: left" href="http://auchandirect.photobox.fr/content/private-sales?cid=banvpi012013"><img src="http://www.auchandirect.fr/static/photobox.jpg" alt="Auchan direct photo" /></a>
<h1 style="width: 440px">Offre de bienvenue : <span> 50 tirages photos offerts</span></h1>
<a style="border: medium none ! important" href="http://auchandirect.photobox.fr/inscription?cid=banpermanente" class="btn-offre">J'y vais !</a>
</div>
</div>
</div></div></div></li></ul></div><div><script language="javascript">
var tc_vars = new Array();
/* Partie Environnement */
tc_vars["env_template"]="Sous Rayon";
tc_vars["env_work"]="prod";
tc_vars["env_channel"]="web";
tc_vars["env_language"]="français";
tc_vars["env_country"]="France";
tc_vars["env_dnt"]="disabled";
/* Partie Users */
tc_vars["user_rcw"]="";
tc_vars["user_id"]="";
tc_vars["user_gender"]="";
tc_vars["user_category"]="";
tc_vars["user_recency"]="";
tc_vars["user_frequency"]="";
tc_vars["user_amount"]="";
tc_vars["user_smb"]="";
tc_vars["user_logged"]="0";
tc_vars["user_age"]="";
tc_vars["user_scoring"]="000";
tc_vars["user_store"]="Morangis";
tc_vars["user_postalcode"]="91420";
/* Partie Tree structure */
tc_vars["page_cat1"]="Epicerie Salée";
tc_vars["page_cat2"]="Conserves, Plats Cuisinés";
tc_vars["page_cat3"]="Conserves de Légumes";
tc_vars["page_name"]="Courses en ligne, livraison à domicile en 24h - Auchandirect.fr";
tc_vars["page_error"]="";
/* Partie Panier */
tc_vars["order_id"]="";
tc_vars["basket_id"]="0";
tc_vars["order_amount_ati_without_sf"]="";
tc_vars["order_amount_ati_with_sf"]="";
tc_vars["order_discount_ati"]="";
tc_vars["order_ship_ati"]="";
tc_vars["order_amount_tf_without_sf"]="";
tc_vars["order_amount_tf_with_sf"]="";
tc_vars["order_discount_tf"]="";
tc_vars["order_ship_tf"]="";
tc_vars["order_newcustomer"]="";
tc_vars["order_tax"]="";
tc_vars["order_payment_methods"]="";
tc_vars["order_shipping_method"]="LAD";
tc_vars["order_status"]="";
tc_vars["order_promo_codes"]="";
tc_vars["order_currency"]="";
tc_vars["order_email"]="";
tc_vars["order_email_optin"]="";
tc_vars["order_products_number"]="0";

tc_vars["order_products"] = new Array();

/* Partie Produit */
tc_vars["product_id"]="";
tc_vars["product_id_cug"]="";
tc_vars["product_id_upsell1"]="";
tc_vars["product_id_upsell2"]="";
tc_vars["product_id_upsell3"]="";
tc_vars["product_id_crossell1"]="";
tc_vars["product_id_crossell2"]="";
tc_vars["product_id_crossell3"]="";
tc_vars["product_name"]="";
tc_vars["product_unitprice_ati"]="";
tc_vars["product_unitprice_tf"]="";
tc_vars["product_currency"]="";
tc_vars["product_trademark"]="";
tc_vars["product_url_page"]="";
tc_vars["product_url_picture"]="";
tc_vars["product_isbundle"]="";
tc_vars["product_breadcrumb_id"]="";
tc_vars["product_breadcrumb_label"]="";
tc_vars["product_rating"]="";
tc_vars["product_instock"]="";
/* Partie Liste Produit */
tc_vars["list_products"] = new Array();

tc_vars["list_products"][0] = new Array();
tc_vars["list_products"][0]["list_product_id"]="56547";
tc_vars["list_products"][0]["list_product_id_cug"]="40303";
tc_vars["list_products"][0]["list_product_id_upsell1"]="";
tc_vars["list_products"][0]["list_product_id_upsell2"]="";
tc_vars["list_products"][0]["list_product_id_upsell3"]="";
tc_vars["list_products"][0]["list_product_id_crossell1"]="";
tc_vars["list_products"][0]["list_product_id_crossell2"]="";
tc_vars["list_products"][0]["list_product_id_crossell3"]="";
tc_vars["list_products"][0]["list_product_name"]="Haricots verts";
tc_vars["list_products"][0]["list_product_unitprice_ati"]="0.79€";
tc_vars["list_products"][0]["list_product_discount_ati"]="0.00€";
tc_vars["list_products"][0]["list_product_unitprice_tf"]="0.79€";
tc_vars["list_products"][0]["list_product_currency"]="EUR";
tc_vars["list_products"][0]["list_product_trademark"]="AUCHAN";
tc_vars["list_products"][0]["list_product_url_page"]="http://www.refonte.auchandirect.fr/detailproduit/479/40303";
tc_vars["list_products"][0]["list_product_url_picture"]="http://www.refonte.auchandirect.fr/static/images/products/detail/40303.jpg";
tc_vars["list_products"][0]["list_product_isbundle"]="N";
tc_vars["list_products"][0]["list_product_breadcrumb_id"]="479";
tc_vars["list_products"][0]["list_product_breadcrumb_label"]="Conserves, Plats Cuisinés";
tc_vars["list_products"][0]["list_product_rating"]="";
tc_vars["list_products"][0]["list_product_instock"]="Y";
tc_vars["list_products"][0]["list_product_totalprice_tf"]="0.79€"
tc_vars["list_products"][0]["list_product_trademark"]="AUCHAN"

tc_vars["list_products"][1] = new Array();
tc_vars["list_products"][1]["list_product_id"]="56300";
tc_vars["list_products"][1]["list_product_id_cug"]="38161";
tc_vars["list_products"][1]["list_product_id_upsell1"]="";
tc_vars["list_products"][1]["list_product_id_upsell2"]="";
tc_vars["list_products"][1]["list_product_id_upsell3"]="";
tc_vars["list_products"][1]["list_product_id_crossell1"]="";
tc_vars["list_products"][1]["list_product_id_crossell2"]="";
tc_vars["list_products"][1]["list_product_id_crossell3"]="";
tc_vars["list_products"][1]["list_product_name"]="Haricots verts";
tc_vars["list_products"][1]["list_product_unitprice_ati"]="1.14€";
tc_vars["list_products"][1]["list_product_discount_ati"]="0.00€";
tc_vars["list_products"][1]["list_product_unitprice_tf"]="1.14€";
tc_vars["list_products"][1]["list_product_currency"]="EUR";
tc_vars["list_products"][1]["list_product_trademark"]="AUCHAN";
tc_vars["list_products"][1]["list_product_url_page"]="http://www.refonte.auchandirect.fr/detailproduit/479/38161";
tc_vars["list_products"][1]["list_product_url_picture"]="http://www.refonte.auchandirect.fr/static/images/products/detail/38161.jpg";
tc_vars["list_products"][1]["list_product_isbundle"]="N";
tc_vars["list_products"][1]["list_product_breadcrumb_id"]="479";
tc_vars["list_products"][1]["list_product_breadcrumb_label"]="Conserves, Plats Cuisinés";
tc_vars["list_products"][1]["list_product_rating"]="";
tc_vars["list_products"][1]["list_product_instock"]="Y";
tc_vars["list_products"][1]["list_product_totalprice_tf"]="1.14€"
tc_vars["list_products"][1]["list_product_trademark"]="AUCHAN"

tc_vars["list_products"][2] = new Array();
tc_vars["list_products"][2]["list_product_id"]="56621";
tc_vars["list_products"][2]["list_product_id_cug"]="40615";
tc_vars["list_products"][2]["list_product_id_upsell1"]="";
tc_vars["list_products"][2]["list_product_id_upsell2"]="";
tc_vars["list_products"][2]["list_product_id_upsell3"]="";
tc_vars["list_products"][2]["list_product_id_crossell1"]="";
tc_vars["list_products"][2]["list_product_id_crossell2"]="";
tc_vars["list_products"][2]["list_product_id_crossell3"]="";
tc_vars["list_products"][2]["list_product_name"]="Haricots verts très fins";
tc_vars["list_products"][2]["list_product_unitprice_ati"]="0.99€";
tc_vars["list_products"][2]["list_product_discount_ati"]="0.00€";
tc_vars["list_products"][2]["list_product_unitprice_tf"]="0.99€";
tc_vars["list_products"][2]["list_product_currency"]="EUR";
tc_vars["list_products"][2]["list_product_trademark"]="AUCHAN";
tc_vars["list_products"][2]["list_product_url_page"]="http://www.refonte.auchandirect.fr/detailproduit/479/40615";
tc_vars["list_products"][2]["list_product_url_picture"]="http://www.refonte.auchandirect.fr/static/images/products/detail/40615.jpg";
tc_vars["list_products"][2]["list_product_isbundle"]="N";
tc_vars["list_products"][2]["list_product_breadcrumb_id"]="479";
tc_vars["list_products"][2]["list_product_breadcrumb_label"]="Conserves, Plats Cuisinés";
tc_vars["list_products"][2]["list_product_rating"]="";
tc_vars["list_products"][2]["list_product_instock"]="Y";
tc_vars["list_products"][2]["list_product_totalprice_tf"]="0.99€"
tc_vars["list_products"][2]["list_product_trademark"]="AUCHAN"

tc_vars["list_products"][3] = new Array();
tc_vars["list_products"][3]["list_product_id"]="55470";
tc_vars["list_products"][3]["list_product_id_cug"]="23572";
tc_vars["list_products"][3]["list_product_id_upsell1"]="";
tc_vars["list_products"][3]["list_product_id_upsell2"]="";
tc_vars["list_products"][3]["list_product_id_upsell3"]="";
tc_vars["list_products"][3]["list_product_id_crossell1"]="";
tc_vars["list_products"][3]["list_product_id_crossell2"]="";
tc_vars["list_products"][3]["list_product_id_crossell3"]="";
tc_vars["list_products"][3]["list_product_name"]="Haricots verts cueillis et rangés à la main";
tc_vars["list_products"][3]["list_product_unitprice_ati"]="1.99€";
tc_vars["list_products"][3]["list_product_discount_ati"]="2.22€";
tc_vars["list_products"][3]["list_product_unitprice_tf"]="1.99€";
tc_vars["list_products"][3]["list_product_currency"]="EUR";
tc_vars["list_products"][3]["list_product_trademark"]="AUCHAN";
tc_vars["list_products"][3]["list_product_url_page"]="http://www.refonte.auchandirect.fr/detailproduit/479/23572";
tc_vars["list_products"][3]["list_product_url_picture"]="http://www.refonte.auchandirect.fr/static/images/products/detail/23572.jpg";
tc_vars["list_products"][3]["list_product_isbundle"]="N";
tc_vars["list_products"][3]["list_product_breadcrumb_id"]="479";
tc_vars["list_products"][3]["list_product_breadcrumb_label"]="Conserves, Plats Cuisinés";
tc_vars["list_products"][3]["list_product_rating"]="";
tc_vars["list_products"][3]["list_product_instock"]="Y";
tc_vars["list_products"][3]["list_product_totalprice_tf"]="1.99€"
tc_vars["list_products"][3]["list_product_trademark"]="AUCHAN"

tc_vars["list_products"][4] = new Array();
tc_vars["list_products"][4]["list_product_id"]="54016";
tc_vars["list_products"][4]["list_product_id_cug"]="1130";
tc_vars["list_products"][4]["list_product_id_upsell1"]="";
tc_vars["list_products"][4]["list_product_id_upsell2"]="";
tc_vars["list_products"][4]["list_product_id_upsell3"]="";
tc_vars["list_products"][4]["list_product_id_crossell1"]="";
tc_vars["list_products"][4]["list_product_id_crossell2"]="";
tc_vars["list_products"][4]["list_product_id_crossell3"]="";
tc_vars["list_products"][4]["list_product_name"]="Haricots verts extra-fins rangés";
tc_vars["list_products"][4]["list_product_unitprice_ati"]="2.00€";
tc_vars["list_products"][4]["list_product_discount_ati"]="0.00€";
tc_vars["list_products"][4]["list_product_unitprice_tf"]="2.00€";
tc_vars["list_products"][4]["list_product_currency"]="EUR";
tc_vars["list_products"][4]["list_product_trademark"]="AUCHAN";
tc_vars["list_products"][4]["list_product_url_page"]="http://www.refonte.auchandirect.fr/detailproduit/479/1130";
tc_vars["list_products"][4]["list_product_url_picture"]="http://www.refonte.auchandirect.fr/static/images/products/detail/1130.jpg";
tc_vars["list_products"][4]["list_product_isbundle"]="N";
tc_vars["list_products"][4]["list_product_breadcrumb_id"]="479";
tc_vars["list_products"][4]["list_product_breadcrumb_label"]="Conserves, Plats Cuisinés";
tc_vars["list_products"][4]["list_product_rating"]="";
tc_vars["list_products"][4]["list_product_instock"]="Y";
tc_vars["list_products"][4]["list_product_totalprice_tf"]="2.00€"
tc_vars["list_products"][4]["list_product_trademark"]="AUCHAN"

/* Partie Recherche */
tc_vars["search_keywords"]="";
tc_vars["search_page_number"]="";
tc_vars["search_results_number"]="";
tc_vars["search_filters"]="";
</script><script src="http://www.auchandirect.fr/static/scripts/tc_AuchanDirect_1.js" type="text/javascript"></script><NOSCRIPT><IFRAME height="1" width="1" src="http://redirect234.tagcommander.com/utils/noscript.php?id=1&amp;mode=iframe"></IFRAME></NOSCRIPT></div><div class="float-container" id="content"><div class="top-content float-container"><div class="main-content"><div class="float-container" id="breadcrumb"><div id="breadcrumb-container"><form onsubmit="javascript:Tapestry.waitForPage(event);" action="http://www.auchandirect.fr/rayon.breadcrumbcategory.breadselectform" method="post" id="breadSelectForm" name="breadSelectForm"><div class="t-invisible"><input value="674" name="t:ac" type="hidden"></input><input value="H4sIAAAAAAAAAL1SPUgcQRQexRPERgTTiQpaWDh6uqenIv7B2RwabjVgI7ydmTsnzs6sM7PqIVhb2NsJgp0/rb0W4RqbBHvBVggRrBSc1UCqJHfkSDW8+R7fz3vv7AGltrtQZwHKSk4EmgElOg4DApaVlC5joVRkNMJKlzBEQNYZthAxY3U5g4nSTPDAvWGkJJPW4Lzr780MLFVu+9FupRGhnaj+/OnV+/PH4uXX46r5F2viLzjcQb51LDmtQj+p6LzgruUTiJgNHF5920fdL42oIY9ayS/Aovb8Z9iCQQGyNOhbzWVpcieyKOc0MFhltpUWVHDJsOYYYrIOElOuGbG4qJW0mIIFPJckmU+SLKsNJmfGSHZkeHw8W/9Zej+iYv/Ch9PpKme5ifZQ0z/n8TxKR0kw8le9RK7lf7kaJsGYBzRdL1e17mJ0qO17du3kYOp9Fz2o67f8hgkXxilk/qgQgGF4NnCfQGyOM0F7fWbjqG/luvWu48vzzwN2E9FKLELIkmSp5GCb3xWqMzFbq4mPWhFmjB8HITeGK3l9Qb3i09HNW/JXPp0UUJYEAAA=" name="t:formdata" type="hidden"></input></div><p class="menu-horizontal"><a href="../../../../loadswitcher.html">Accueil</a> &gt;
<a href="../../../../id2/413.html">Epicerie Salée</a> &gt;
<a href="../../../../id3/413/479.html">Conserves, Plats Cuisinés</a> &gt;
<select onChange="window.location.href='/rayon/' + options[selectedIndex].value;" class="form-select" id="select" name="select"><option selected="selected" value="674">Conserves de Légumes</option><option value="676">Conserves de Poissons</option><option value="677">Plats Cuisinés</option><option value="679">Terrines, Patés</option></select><img id="select-icon" class="t-error-icon t-invisible" alt="" src="http://www.auchandirect.fr/assets/tapestry/5.1.0.5/spacer.gif"/></p><input style="display:none;" id="breadSelectFormSubmit" type="submit"></input></form></div></div><!-- zone edit - Bannière haute --><div class="zone-admin diff-zone"></div><!-- DEBUT DE LA BARRE TITRE --><!-- div id="wrap-liste-produits-nav" class="">
						<div id="liste-produits-nav" class="clear-container float-container">
					
							
							
							<div id="liste-produits-tri" class="float-container">
							
							<div class="titre-produits">
								<h2>
									<span class="titre-principal">
										<t:outputraw value="categoryTitle" />
									</span>
									<span class="titre-secondaire"> ${nbProductsMsg}</span>
								</h2>
							</div>
							
							<t:zone t:id="headerListZone" t:update="show">
							<form t:type="form" t:id="sortForm" t:zone="productListZone" t:autofocus="false">
							<p class="liste-produits-choix-affichage" t:type="zone" t:update="show" id="productDisplayTypeZone">
									<p class="liste-produits-choix-affichage">
										<select t:type="select" t:id="sort" class="form-select" t:blankOption="NEVER" onChange="document.getElementById('sortBySubmit').click();" />
										<input type="submit" id="sortBySubmit" style="display:none;" />
										
										<a t:type="actionlink" t:id="list" t:zone="productListZone" class="bt-liste ${pdtDisplayListStyle}">${message:category.display.type.list}</a>
										<a t:type="actionlink" t:id="thumbnail" t:zone="productListZone" class="bt-grille ${pdtDisplayGridStyle}">${message:category.display.type.thumbnail}</a>
									</p>
								</p>
								</form>
								
								</t:zone>
								
								
							</div>
							
							<ul t:type="zone" id="labelZone" t:update="show" class="liste-produits-menu menu menu-horizontal clear-container">
								<t:delegate to="labelBlock" / --><!-- liste des capsules de tri (marques) --><!-- t:block t:id="labelBlock">
									
									<li class="item">
									<t:if test="isAllSubCatActive">
											<a class="active">${message:category.sub.all}</a>
										<p:else>
											<a t:type="actionlink" t:zone="labelZone" t:id="showAll">${message:category.sub.all}</a>
										</p:else>
									</t:if>
									</li>	
										
									<t:if test="specificCategory">
										<t:loop source="categoriesAll" value="cat">
											<li class="item">
												<t:if test="isCatDisable">
													<a class="non_active">${cat.label}</a>
												<p:else>
													<t:if test="isCatActive">
														<a class="active">${cat.label}</a>
													<p:else>
														<a t:type="actionlink" t:zone="labelZone" t:id="viewCat" t:context="cat.shelfId">${cat.label}</a>
													</p:else>
													</t:if>
												</p:else>
												</t:if>
											</li>
										</t:loop>
									</t:if>	
										
									<t:unless test="specificCategory">
										<t:loop source="subCategories" value="subCat">
											<li class="item">
												<t:if test="isSubCatDisable">
													<a class="non_active">${subCat.label}</a>
												<p:else>
													<t:if test="isSubCatActive">
														<a class="active">${subCat.label}</a>
													<p:else>
														<a t:type="actionlink" t:zone="labelZone" t:id="viewSubCat" t:context="subCat.shelfId">${subCat.label}</a>
													</p:else>
													</t:if>
												</p:else>
												</t:if>
											</li>
										</t:loop>
										
										<t:if test="hasBioFilter">
											<li class="bio">
												<a t:type="actionlink" t:zone="labelZone" t:id="bioLabel">${message:category.label.bio}</a>
											</li>
										</t:if>
										
									</t:unless>
									
								<t:if test="showPromo">
									<t:if test="isPromoCatActive">
										<li class="item caseprom">
											<a class="menu-top-promos activo" title="promos">${message:specificcategory.promotions}</a>
										</li>
									<p:else>
										<li class="item">
											<a class="menu-top-promos" title="promos" t:type="actionlink" t:zone="productListZone" t:id="filterPromos">${message:specificcategory.promotions}</a>
										</li>
									</p:else>
									</t:if>
									<p:else>
										<t:if test="isNotPromoPage">
											<li class="item">
												<a class="non_active" title="promos">${message:specificcategory.promotions}</a>
											</li>
										</t:if>
									</p:else>
								</t:if>
								
								<t:if test="showNews">
									<t:if test="isNewsCatActive">
										<li class="item">
											<a class="menu-top-nouveautes activon" title="nouveautes">${message:specificcategory.news}</a>
										</li>
									<p:else>
										<li class="item">
											<a class="menu-top-nouveautes" title="nouveautes" t:type="actionlink" t:zone="productListZone" t:id="filterNews">${message:specificcategory.news}</a>
										</li>
									</p:else>
									</t:if>
									<p:else>
										<t:if test="isNotNewsPage">
											<li class="item">
												<a class="non_active" title="nouveautes">${message:specificcategory.news}</a>
											</li>
										</t:if>
									</p:else>
								</t:if>
								
								<t:if test="showPdtAuchan">
									<t:if test="isAuchanCatActive">
										<li class="item">
											<a class="menu-top-produits-auchan activen" title="produits Auchan">${message:specificcategory.retailer_brand}</a>
										</li>
										<p:else>
											<li class="item">
												<a class="menu-top-produits-auchan" title="produits Auchan" t:type="actionlink" t:zone="productListZone" t:id="filterAuchan">${message:specificcategory.retailer_brand}</a>
											</li>
										</p:else>
									</t:if>
									<p:else>
										<t:if test="isNotAuchanPage">
											<li class="item">
												<a class="non_active" title="produits Auchan">${message:specificcategory.retailer_brand}</a>
											</li>
										</t:if>
									</p:else>
								</t:if>
								</t:block>
						</ul>
						</div>
						
						<div class="clear"></div>
						
						<t:zone t:id="moreProductListZone" t:update="show">
						<t:if test="!specificCategory">
								<t:if test="brands">
										<t:if test="isBrandFilterExpanded">
											<p class="link_hide_marque" style="display: block;">
											<a t:type="actionlink" t:zone="labelZone" t:id="hideAllBrands" title="${message:category.brands.hide.title}">${maskAllBrandsLink}</a>
											<img src="/static/images/down_arrow.png" />
											</p>
											
												<ul id="" class="liste-produits-menu menu menu-horizontal clear-container marques_liste" style="display: block;">
													<t:loop source="brands" value="brand">
														<li class="item">
															<t:if test="isBrandDisable">
																<a class="non_active">${brand}</a>
															<p:else>
																<t:if test="isBrandActive">
																	<a class="active">${brand}</a>
																<p:else>
																	<a t:type="actionlink" t:zone="labelZone" t:id="viewBrand" t:context="brand">${brand}</a>
																</p:else>
																</t:if>
															</p:else>
															</t:if>
														</li>
													</t:loop>
												</ul>
											
										<p:else>
											<p class="link_show_marque" style="display: block;">
											<a t:type="actionlink" t:zone="labelZone" t:id="viewAllBrands" title="${viewAllBrandsTitle}">${viewAllBrandsLink}</a>
											<img src="/static/images/down_arrow.png" />
											</p>
										</p:else>
										</t:if>
								</t:if>
							</t:if>
						</t:zone>
						
						</div --><!-- FIN DE LA BARRE TITRE --><div><!-- ***************** DEBUT DU BLOC TITRE ***************** --><div class="" id="wrap-liste-produits-nav"><div class="clear-container float-container" id="liste-produits-nav"><div class="float-container" id="liste-produits-tri"><div class="titre-produits"><h1><span class="titre-principal">Conserves de Légumes</span><span class="titre-secondaire"> - 134 produits</span></h1></div><div class="t-zone" id="headerListZone"><form onsubmit="javascript:Tapestry.waitForPage(event);" action="http://www.auchandirect.fr/rayon.productgridorlist.sortform" method="post" id="sortForm" name="sortForm"><div class="t-invisible"><input value="674" name="t:ac" type="hidden"></input><input value="H4sIAAAAAAAAAJXOMZJBQRCA4aaIZKpkWxuRjoTERhKR2lJeOUC/eeMZNaanuvvtchknUC4hkLnDHmBTkQA3IP2T/zv8Q/P3Ez7muKM4SkxFZbVkXxAHL2qEWIVhSFwaTGhXzigmJ8q7obHELvjc5CjOjPNHRKsT70LRzZxWqbc4tf4651sdalNoWYrKFL5x4xTa0zX+YD9gLPuZso/l1zYpNJ6/Fzzjdz0zJutEsirfeBFP8XQsBsvr/lIH2KY7aUKP/AYBAAA=" name="t:formdata" type="hidden"></input></div><p class="liste-produits-choix-affichage t-zone" id="productDisplayTypeZone"><p class="liste-produits-choix-affichage"><select onChange="document.getElementById('sortBySubmit').click();" class="form-select" id="sort" name="sort"><option selected="selected" value="MARQUE_ASC">Trier par marque A-Z</option><option value="MARQUE_DESC">Trier par marque Z-A</option><option value="PRICE_ASC">Trier du moins cher au plus cher</option><option value="PRICE_DESC">Trier du plus cher au moins cher</option><option value="PRICEQTE_ASC">Trier par prix/quantité croissant</option><option value="PRICEQTE_DESC">Trier par prix/quantité décroissant</option></select><img id="sort-icon" class="t-error-icon t-invisible" alt="" src="http://www.auchandirect.fr/assets/tapestry/5.1.0.5/spacer.gif"/><input style="display: none;" id="sortBySubmit" value="Valider" type="submit"></input><a id="list" onclick="javascript:Tapestry.waitForPage(event);" class="bt-liste " href="http://www.auchandirect.fr/rayon.productgridorlist.list?t:ac=674">en liste</a><a id="thumbnail" onclick="javascript:Tapestry.waitForPage(event);" class="bt-grille active" href="http://www.auchandirect.fr/rayon.productgridorlist.thumbnail?t:ac=674">en grille</a></p></p></form></div></div><ul class="liste-produits-menu menu menu-horizontal clear-container t-zone" id="labelZone"><li class="item"><a class="active">TOUS</a></li><li class="item"><a id="viewSubCatPgol" onclick="javascript:Tapestry.waitForPage(event);" href="http://www.auchandirect.fr/rayon.productgridorlist.viewsubcatpgol/1328?t:ac=674">Haricots - Haricots verts</a></li><li class="item"><a id="viewSubCatPgol_0" onclick="javascript:Tapestry.waitForPage(event);" href="http://www.auchandirect.fr/rayon.productgridorlist.viewsubcatpgol/1334?t:ac=674">Petits Pois - Carottes</a></li><li class="item"><a id="viewSubCatPgol_1" onclick="javascript:Tapestry.waitForPage(event);" href="http://www.auchandirect.fr/rayon.productgridorlist.viewsubcatpgol/1324?t:ac=674">Epinards - Salsifis - Celeris</a></li><li class="item"><a id="viewSubCatPgol_2" onclick="javascript:Tapestry.waitForPage(event);" href="http://www.auchandirect.fr/rayon.productgridorlist.viewsubcatpgol/1323?t:ac=674">Flageolets - Lentilles - Choux</a></li><li class="item"><a id="viewSubCatPgol_3" onclick="javascript:Tapestry.waitForPage(event);" href="http://www.auchandirect.fr/rayon.productgridorlist.viewsubcatpgol/1316?t:ac=674">Aubergines - Courgettes - Tomates</a></li><li class="item"><a id="viewSubCatPgol_4" onclick="javascript:Tapestry.waitForPage(event);" href="http://www.auchandirect.fr/rayon.productgridorlist.viewsubcatpgol/1332?t:ac=674">Marrons - Chataignes - Airelles</a></li><li class="item"><a id="viewSubCatPgol_5" onclick="javascript:Tapestry.waitForPage(event);" href="http://www.auchandirect.fr/rayon.productgridorlist.viewsubcatpgol/1329?t:ac=674">Maïs - Betteraves - Pois chiches</a></li><li class="item"><a id="viewSubCatPgol_6" onclick="javascript:Tapestry.waitForPage(event);" href="http://www.auchandirect.fr/rayon.productgridorlist.viewsubcatpgol/1320?t:ac=674">Champignons - Macédoines</a></li><li class="item"><a id="viewSubCatPgol_7" onclick="javascript:Tapestry.waitForPage(event);" href="http://www.auchandirect.fr/rayon.productgridorlist.viewsubcatpgol/1314?t:ac=674">Asperges - Soja</a></li><li class="item"><a id="viewSubCatPgol_8" onclick="javascript:Tapestry.waitForPage(event);" href="http://www.auchandirect.fr/rayon.productgridorlist.viewsubcatpgol/1315?t:ac=674">Artichauts - Coeurs de palmier</a></li><li class="item"><a id="filterPromos" onclick="javascript:Tapestry.waitForPage(event);" title="promos" class="menu-top-promos" href="http://www.auchandirect.fr/rayon.productgridorlist.filterpromos?t:ac=674">Promotions</a></li><li class="item"><a title="nouveautes" class="non_active">Nouveautés</a></li><li class="item"><a id="filterAuchan" onclick="javascript:Tapestry.waitForPage(event);" title="produits Auchan" class="menu-top-produits-auchan" href="http://www.auchandirect.fr/rayon.productgridorlist.filterauchan?t:ac=674">Produits Auchan</a></li><!-- liste des capsules de tri (marques) --></ul></div><div class="clear"></div><div class="t-zone" id="moreProductListZone"><p style="display: block;" class="link_show_marque"><a id="viewAllBrands" onclick="javascript:Tapestry.waitForPage(event);" title="Voir les 16 éléments supplémentaires" href="http://www.auchandirect.fr/rayon.productgridorlist.viewallbrands?t:ac=674">Afficher les 16 marques</a><img src="http://www.auchandirect.fr/static/images/down_arrow.png"/></p></div></div><!-- ***************** FIN DU BLOC TITRE ***************** --><div class="t-zone" id="productListZone"><div class="liste clear-container" id="liste-produits-grille"><table><tr><td><!-- PL : ici --><div class="bloc-produit produit-auchan"><div class="bloc-produit-content   "><a title="Voir le produit" href="http://www.auchandirect.fr/epicerie-salée/conserves,-plats-cuisinés/haricots-verts/id1/479/40303"><img src="http://www.auchandirect.fr/static/images/products/line/40303.jpg" alt="" class="produit "/></a><div class="picto"><span class="invisible"></span></div><div class="boutons-produit"><a id="addProductToBasket" onclick="javascript:Tapestry.waitForPage(event);" title="Ajouter au panier" class="bt-produit-ajout-panier" href="http://www.auchandirect.fr/rayon.productgridorlist.productlist_1.thumbnailproduct_0.addproducttobasket/40303?t:ac=674"><span>Ajouter au panier</span></a><a id="addProductToShoppingList" onclick="javascript:Tapestry.waitForPage(event);" title="Ajouter à ma liste" class="bt-produit-ajout-liste" href="http://www.auchandirect.fr/rayon.productgridorlist.productlist_1.thumbnailproduct_0.addproducttoshoppinglist/40303?t:ac=674">Ajouter à ma liste</a></div><div class="infos-produit-1"><div class="prix-actuel"><span>0.79€</span></div></div><div class="infos-produit-2"><a title="Voir le produit" href="http://www.auchandirect.fr/epicerie-salée/conserves,-plats-cuisinés/haricots-verts/id1/479/40303"><h2>AUCHAN</h2><h4>Haricots verts</h4><h4>Extra fins</h4><p>
220 g
<br/>
3.59€/kg
</p></a></div><div class="mini_picto_bas"><!-- FIXME IDEM --><span class="com.atosworldline.ri.auchan.direct.front.tapestry.data.multimedia.Picture@7bf548fd pictoListing txtImg">XXXXX</span><!-- FIXME IDEM --><span class="com.atosworldline.ri.auchan.direct.front.tapestry.data.multimedia.Picture@248b199f pictoListing txtImg">XXXXX</span></div></div></div></td><td><!-- PL : ici --><div class="bloc-produit produit-auchan"><div class="bloc-produit-content   "><a title="Voir le produit" href="http://www.auchandirect.fr/epicerie-salée/conserves,-plats-cuisinés/haricots-verts/id1/479/38161"><img src="http://www.auchandirect.fr/static/images/products/line/38161.jpg" alt="" class="produit "/></a><div class="picto"><span class="invisible"></span></div><div class="boutons-produit"><a id="addProductToBasket_0" onclick="javascript:Tapestry.waitForPage(event);" title="Ajouter au panier" class="bt-produit-ajout-panier" href="http://www.auchandirect.fr/rayon.productgridorlist.productlist_1.thumbnailproduct_0.addproducttobasket/38161?t:ac=674"><span>Ajouter au panier</span></a><a id="addProductToShoppingList_0" onclick="javascript:Tapestry.waitForPage(event);" title="Ajouter à ma liste" class="bt-produit-ajout-liste" href="http://www.auchandirect.fr/rayon.productgridorlist.productlist_1.thumbnailproduct_0.addproducttoshoppinglist/38161?t:ac=674">Ajouter à ma liste</a></div><div class="infos-produit-1"><div class="prix-actuel"><span>1.14€</span></div></div><div class="infos-produit-2"><a title="Voir le produit" href="http://www.auchandirect.fr/epicerie-salée/conserves,-plats-cuisinés/haricots-verts/id1/479/38161"><h2>AUCHAN</h2><h4>Haricots verts</h4><h4>Extra fins</h4><p>
440 g
<br/>
2.59€/kg
</p></a></div><div class="mini_picto_bas"><!-- FIXME IDEM --><span class="com.atosworldline.ri.auchan.direct.front.tapestry.data.multimedia.Picture@283f2877 pictoListing txtImg">XXXXX</span><!-- FIXME IDEM --><span class="com.atosworldline.ri.auchan.direct.front.tapestry.data.multimedia.Picture@4a79b145 pictoListing txtImg">XXXXX</span></div></div></div></td><td><!-- PL : ici --><div class="bloc-produit produit-auchan"><div class="bloc-produit-content   "><a title="Voir le produit" href="http://www.auchandirect.fr/epicerie-salée/conserves,-plats-cuisinés/haricots-verts-très-fins/id1/479/40615"><img src="http://www.auchandirect.fr/static/images/products/line/40615.jpg" alt="" class="produit "/></a><div class="picto"><span class="invisible"></span></div><div class="boutons-produit"><a id="addProductToBasket_1" onclick="javascript:Tapestry.waitForPage(event);" title="Ajouter au panier" class="bt-produit-ajout-panier" href="http://www.auchandirect.fr/rayon.productgridorlist.productlist_1.thumbnailproduct_0.addproducttobasket/40615?t:ac=674"><span>Ajouter au panier</span></a><a id="addProductToShoppingList_1" onclick="javascript:Tapestry.waitForPage(event);" title="Ajouter à ma liste" class="bt-produit-ajout-liste" href="http://www.auchandirect.fr/rayon.productgridorlist.productlist_1.thumbnailproduct_0.addproducttoshoppinglist/40615?t:ac=674">Ajouter à ma liste</a></div><div class="infos-produit-1"><div class="prix-actuel"><span>0.99€</span></div></div><div class="infos-produit-2"><a title="Voir le produit" href="http://www.auchandirect.fr/epicerie-salée/conserves,-plats-cuisinés/haricots-verts-très-fins/id1/479/40615"><h2>AUCHAN</h2><h4>Haricots verts très fins</h4><h4></h4><p>
440 g
<br/>
2.25€/kg
</p></a></div><div class="mini_picto_bas"><!-- FIXME IDEM --><span class="com.atosworldline.ri.auchan.direct.front.tapestry.data.multimedia.Picture@7b654f35 pictoListing txtImg">XXXXX</span><!-- FIXME IDEM --><span class="com.atosworldline.ri.auchan.direct.front.tapestry.data.multimedia.Picture@38335fdd pictoListing txtImg">XXXXX</span></div></div></div></td></tr><tr><td><!-- PL : ici --><div class="bloc-produit promotion"><div class="bloc-produit-content   "><a title="Voir le produit" href="../../haricots-verts-cueillis-et-rang%25C3%25A9s-%25C3%25A0-la-main/id1/479/23572.html"><img src="http://www.auchandirect.fr/static/images/products/line/23572.jpg" alt="" class="produit "/></a><div class="picto"><span class="invisible"></span></div><img src="http://www.auchandirect.fr/static/images/moins-10pourcent_small.png" class="ruban"/><div class="boutons-produit"><a id="addProductToBasket_2" onclick="javascript:Tapestry.waitForPage(event);" title="Ajouter au panier" class="bt-produit-ajout-panier" href="http://www.auchandirect.fr/rayon.productgridorlist.productlist_1.thumbnailproduct_0.addproducttobasket/23572?t:ac=674"><span>Ajouter au panier</span></a><a id="addProductToShoppingList_2" onclick="javascript:Tapestry.waitForPage(event);" title="Ajouter à ma liste" class="bt-produit-ajout-liste" href="http://www.auchandirect.fr/rayon.productgridorlist.productlist_1.thumbnailproduct_0.addproducttoshoppinglist/23572?t:ac=674">Ajouter à ma liste</a></div><div class="infos-produit-1"><div class="prix-old">2.22€</div><div class="prix-promo">1.99€</div></div><div class="infos-produit-2"><a title="Voir le produit" href="../../haricots-verts-cueillis-et-rang%25C3%25A9s-%25C3%25A0-la-main/id1/479/23572.html"><h2>AUCHAN</h2><h4>Haricots verts cueillis et rangés à la main</h4><h4>Extras fins</h4><p>
345 g
<br/>
5.77€/kg
</p></a></div><div class="mini_picto_bas"><!-- FIXME IDEM --><span class="com.atosworldline.ri.auchan.direct.front.tapestry.data.multimedia.Picture@637ccce pictoListing txtImg">XXXXX</span><!-- FIXME IDEM --><span class="com.atosworldline.ri.auchan.direct.front.tapestry.data.multimedia.Picture@3966eb92 pictoListing txtImg">XXXXX</span></div></div></div></td><td><!-- PL : ici --><div class="bloc-produit produit-auchan"><div class="bloc-produit-content   "><a title="Voir le produit" href="http://www.auchandirect.fr/epicerie-salée/conserves,-plats-cuisinés/haricots-verts-extra-fins-rangés/id1/479/1130"><img src="http://www.auchandirect.fr/static/images/products/line/1130.jpg" alt="" class="produit "/></a><div class="picto"><span class="invisible"></span></div><div class="boutons-produit"><a id="addProductToBasket_3" onclick="javascript:Tapestry.waitForPage(event);" title="Ajouter au panier" class="bt-produit-ajout-panier" href="http://www.auchandirect.fr/rayon.productgridorlist.productlist_1.thumbnailproduct_0.addproducttobasket/1130?t:ac=674"><span>Ajouter au panier</span></a><a id="addProductToShoppingList_3" onclick="javascript:Tapestry.waitForPage(event);" title="Ajouter à ma liste" class="bt-produit-ajout-liste" href="http://www.auchandirect.fr/rayon.productgridorlist.productlist_1.thumbnailproduct_0.addproducttoshoppinglist/1130?t:ac=674">Ajouter à ma liste</a></div><div class="infos-produit-1"><div class="prix-actuel"><span>2.00€</span></div></div><div class="infos-produit-2"><a title="Voir le produit" href="http://www.auchandirect.fr/epicerie-salée/conserves,-plats-cuisinés/haricots-verts-extra-fins-rangés/id1/479/1130"><h2>AUCHAN</h2><h4>Haricots verts extra-fins rangés</h4><h4>Haricots verts</h4><p>
440 g
<br/>
4.55€/kg
</p></a></div><div class="mini_picto_bas"><!-- FIXME IDEM --><span class="com.atosworldline.ri.auchan.direct.front.tapestry.data.multimedia.Picture@13f3dbaf pictoListing txtImg">XXXXX</span><!-- FIXME IDEM --><span class="com.atosworldline.ri.auchan.direct.front.tapestry.data.multimedia.Picture@6edbc864 pictoListing txtImg">XXXXX</span></div></div></div></td><td><!-- PL : ici --><div class="bloc-produit produit-auchan"><div class="bloc-produit-content   "><a title="Voir le produit" href="http://www.auchandirect.fr/epicerie-salée/conserves,-plats-cuisinés/haricots-beurre/id1/479/1136"><img src="http://www.auchandirect.fr/static/images/products/line/1136.jpg" alt="" class="produit "/></a><div class="picto"><span class="invisible"></span></div><div class="boutons-produit"><a id="addProductToBasket_4" onclick="javascript:Tapestry.waitForPage(event);" title="Ajouter au panier" class="bt-produit-ajout-panier" href="http://www.auchandirect.fr/rayon.productgridorlist.productlist_1.thumbnailproduct_0.addproducttobasket/1136?t:ac=674"><span>Ajouter au panier</span></a><a id="addProductToShoppingList_4" onclick="javascript:Tapestry.waitForPage(event);" title="Ajouter à ma liste" class="bt-produit-ajout-liste" href="http://www.auchandirect.fr/rayon.productgridorlist.productlist_1.thumbnailproduct_0.addproducttoshoppinglist/1136?t:ac=674">Ajouter à ma liste</a></div><div class="infos-produit-1"><div class="prix-actuel"><span>1.76€</span></div></div><div class="infos-produit-2"><a title="Voir le produit" href="http://www.auchandirect.fr/epicerie-salée/conserves,-plats-cuisinés/haricots-beurre/id1/479/1136"><h2>AUCHAN</h2><h4>Haricots beurre</h4><h4>Très fins</h4><p>
440 g
<br/>
4.00€/kg
</p></a></div><div class="mini_picto_bas"><!-- FIXME IDEM --><span class="com.atosworldline.ri.auchan.direct.front.tapestry.data.multimedia.Picture@1f415618 pictoListing txtImg">XXXXX</span><!-- FIXME IDEM --><span class="com.atosworldline.ri.auchan.direct.front.tapestry.data.multimedia.Picture@7a7b51af pictoListing txtImg">XXXXX</span></div></div></div></td></tr><tr><td><!-- PL : ici --><div class="bloc-produit produit-auchan"><div class="bloc-produit-content   "><a title="Voir le produit" href="http://www.auchandirect.fr/epicerie-salée/conserves,-plats-cuisinés/haricots-rouges-préparés/id1/479/1137"><img src="http://www.auchandirect.fr/static/images/products/line/1137.jpg" alt="" class="produit "/></a><div class="picto"><span class="invisible"></span></div><div class="boutons-produit"><a id="addProductToBasket_5" onclick="javascript:Tapestry.waitForPage(event);" title="Ajouter au panier" class="bt-produit-ajout-panier" href="http://www.auchandirect.fr/rayon.productgridorlist.productlist_1.thumbnailproduct_0.addproducttobasket/1137?t:ac=674"><span>Ajouter au panier</span></a><a id="addProductToShoppingList_5" onclick="javascript:Tapestry.waitForPage(event);" title="Ajouter à ma liste" class="bt-produit-ajout-liste" href="http://www.auchandirect.fr/rayon.productgridorlist.productlist_1.thumbnailproduct_0.addproducttoshoppinglist/1137?t:ac=674">Ajouter à ma liste</a></div><div class="infos-produit-1"><div class="prix-actuel"><span>0.61€</span></div></div><div class="infos-produit-2"><a title="Voir le produit" href="http://www.auchandirect.fr/epicerie-salée/conserves,-plats-cuisinés/haricots-rouges-préparés/id1/479/1137"><h2>AUCHAN</h2><h4>Haricots rouges préparés</h4><h4></h4><p>
400 g
<br/>
1.53€/kg
</p></a></div><div class="mini_picto_bas"><!-- FIXME IDEM --><span class="com.atosworldline.ri.auchan.direct.front.tapestry.data.multimedia.Picture@362ff6fb pictoListing txtImg">XXXXX</span><!-- FIXME IDEM --><span class="com.atosworldline.ri.auchan.direct.front.tapestry.data.multimedia.Picture@6fff488 pictoListing txtImg">XXXXX</span></div></div></div></td><td><!-- PL : ici --><div class="bloc-produit produit-auchan"><div class="bloc-produit-content   "><a title="Voir le produit" href="http://www.auchandirect.fr/epicerie-salée/conserves,-plats-cuisinés/haricots-blancs-préparés/id1/479/1161"><img src="http://www.auchandirect.fr/static/images/products/line/1161.jpg" alt="" class="produit "/></a><div class="picto"><span class="invisible"></span></div><div class="boutons-produit"><a id="addProductToBasket_6" onclick="javascript:Tapestry.waitForPage(event);" title="Ajouter au panier" class="bt-produit-ajout-panier" href="http://www.auchandirect.fr/rayon.productgridorlist.productlist_1.thumbnailproduct_0.addproducttobasket/1161?t:ac=674"><span>Ajouter au panier</span></a><a id="addProductToShoppingList_6" onclick="javascript:Tapestry.waitForPage(event);" title="Ajouter à ma liste" class="bt-produit-ajout-liste" href="http://www.auchandirect.fr/rayon.productgridorlist.productlist_1.thumbnailproduct_0.addproducttoshoppinglist/1161?t:ac=674">Ajouter à ma liste</a></div><div class="infos-produit-1"><div class="prix-actuel"><span>0.98€</span></div></div><div class="infos-produit-2"><a title="Voir le produit" href="http://www.auchandirect.fr/epicerie-salée/conserves,-plats-cuisinés/haricots-blancs-préparés/id1/479/1161"><h2>AUCHAN</h2><h4>Haricots blancs préparés</h4><h4></h4><p>
500 g
<br/>
1.96€/kg
</p></a></div><div class="mini_picto_bas"><!-- FIXME IDEM --><span class="com.atosworldline.ri.auchan.direct.front.tapestry.data.multimedia.Picture@e0f104f pictoListing txtImg">XXXXX</span><!-- FIXME IDEM --><span class="com.atosworldline.ri.auchan.direct.front.tapestry.data.multimedia.Picture@7ef7b9be pictoListing txtImg">XXXXX</span></div></div></div></td><td><!-- PL : ici --><div class="bloc-produit produit-auchan"><div class="bloc-produit-content   "><a title="Voir le produit" href="http://www.auchandirect.fr/epicerie-salée/conserves,-plats-cuisinés/haricots-blancs-cuisinés-à-la-graisse-d'oie/id1/479/1832"><img src="http://www.auchandirect.fr/static/images/products/line/1832.jpg" alt="" class="produit "/></a><div class="picto"><span class="invisible"></span></div><div class="boutons-produit"><a id="addProductToBasket_7" onclick="javascript:Tapestry.waitForPage(event);" title="Ajouter au panier" class="bt-produit-ajout-panier" href="http://www.auchandirect.fr/rayon.productgridorlist.productlist_1.thumbnailproduct_0.addproducttobasket/1832?t:ac=674"><span>Ajouter au panier</span></a><a id="addProductToShoppingList_7" onclick="javascript:Tapestry.waitForPage(event);" title="Ajouter à ma liste" class="bt-produit-ajout-liste" href="http://www.auchandirect.fr/rayon.productgridorlist.productlist_1.thumbnailproduct_0.addproducttoshoppinglist/1832?t:ac=674">Ajouter à ma liste</a></div><div class="infos-produit-1"><div class="prix-actuel"><span>1.06€</span></div></div><div class="infos-produit-2"><a title="Voir le produit" href="http://www.auchandirect.fr/epicerie-salée/conserves,-plats-cuisinés/haricots-blancs-cuisinés-à-la-graisse-d'oie/id1/479/1832"><h2>AUCHAN</h2><h4>Haricots blancs cuisinés à la graisse d'oie</h4><h4></h4><p>
250 g
<br/>
4.24€/kg
</p></a></div><div class="mini_picto_bas"><!-- FIXME IDEM --><span class="com.atosworldline.ri.auchan.direct.front.tapestry.data.multimedia.Picture@39c3aa11 pictoListing txtImg">XXXXX</span><!-- FIXME IDEM --><span class="com.atosworldline.ri.auchan.direct.front.tapestry.data.multimedia.Picture@5cd25fb7 pictoListing txtImg">XXXXX</span></div></div></div></td></tr><tr><td><!-- PL : ici --><div class="bloc-produit produit-auchan"><div class="bloc-produit-content   "><a title="Voir le produit" href="http://www.auchandirect.fr/epicerie-salée/conserves,-plats-cuisinés/haricots-verts-très-fins-coupés/id1/479/38410"><img src="http://www.auchandirect.fr/static/images/products/line/38410.jpg" alt="" class="produit "/></a><div class="picto"><span class="invisible"></span></div><div class="boutons-produit"><a id="addProductToBasket_8" onclick="javascript:Tapestry.waitForPage(event);" title="Ajouter au panier" class="bt-produit-ajout-panier" href="http://www.auchandirect.fr/rayon.productgridorlist.productlist_1.thumbnailproduct_0.addproducttobasket/38410?t:ac=674"><span>Ajouter au panier</span></a><a id="addProductToShoppingList_8" onclick="javascript:Tapestry.waitForPage(event);" title="Ajouter à ma liste" class="bt-produit-ajout-liste" href="http://www.auchandirect.fr/rayon.productgridorlist.productlist_1.thumbnailproduct_0.addproducttoshoppinglist/38410?t:ac=674">Ajouter à ma liste</a></div><div class="infos-produit-1"><div class="prix-actuel"><span>1.54€</span></div></div><div class="infos-produit-2"><a title="Voir le produit" href="http://www.auchandirect.fr/epicerie-salée/conserves,-plats-cuisinés/haricots-verts-très-fins-coupés/id1/479/38410"><h2>AUCHAN</h2><h4>Haricots Verts Très Fins Coupés</h4><h4>Très fins</h4><p>
330 g
<br/>
4.67€/kg
</p></a></div><div class="mini_picto_bas"></div></div></div></td><td><!-- PL : ici --><div class="bloc-produit produit-auchan"><div class="bloc-produit-content   "><a title="Voir le produit" href="http://www.auchandirect.fr/epicerie-salée/conserves,-plats-cuisinés/petits-pois-carottes/id1/479/5479"><img src="http://www.auchandirect.fr/static/images/products/line/5479.jpg" alt="" class="produit "/></a><div class="picto"><span class="invisible"></span></div><div class="boutons-produit"><a id="addProductToBasket_9" onclick="javascript:Tapestry.waitForPage(event);" title="Ajouter au panier" class="bt-produit-ajout-panier" href="http://www.auchandirect.fr/rayon.productgridorlist.productlist_1.thumbnailproduct_0.addproducttobasket/5479?t:ac=674"><span>Ajouter au panier</span></a><a id="addProductToShoppingList_9" onclick="javascript:Tapestry.waitForPage(event);" title="Ajouter à ma liste" class="bt-produit-ajout-liste" href="http://www.auchandirect.fr/rayon.productgridorlist.productlist_1.thumbnailproduct_0.addproducttoshoppinglist/5479?t:ac=674">Ajouter à ma liste</a></div><div class="infos-produit-1"><div class="prix-actuel"><span>0.87€</span></div></div><div class="infos-produit-2"><a title="Voir le produit" href="http://www.auchandirect.fr/epicerie-salée/conserves,-plats-cuisinés/petits-pois-carottes/id1/479/5479"><h2>AUCHAN</h2><h4>Petits pois carottes</h4><h4>Extra fins</h4><p>
265 g
<br/>
3.28€/kg
</p></a></div><div class="mini_picto_bas"><!-- FIXME IDEM --><span class="com.atosworldline.ri.auchan.direct.front.tapestry.data.multimedia.Picture@778a16fc pictoListing txtImg">XXXXX</span><!-- FIXME IDEM --><span class="com.atosworldline.ri.auchan.direct.front.tapestry.data.multimedia.Picture@aeb37b4 pictoListing txtImg">XXXXX</span></div></div></div></td><td><!-- PL : ici --><div class="bloc-produit produit-auchan"><div class="bloc-produit-content   "><a title="Voir le produit" href="http://www.auchandirect.fr/epicerie-salée/conserves,-plats-cuisinés/jeunes-carottes-extra-fines/id1/479/1183"><img src="http://www.auchandirect.fr/static/images/products/line/1183.jpg" alt="" class="produit "/></a><div class="picto"><span class="invisible"></span></div><div class="boutons-produit"><a id="addProductToBasket_10" onclick="javascript:Tapestry.waitForPage(event);" title="Ajouter au panier" class="bt-produit-ajout-panier" href="http://www.auchandirect.fr/rayon.productgridorlist.productlist_1.thumbnailproduct_0.addproducttobasket/1183?t:ac=674"><span>Ajouter au panier</span></a><a id="addProductToShoppingList_10" onclick="javascript:Tapestry.waitForPage(event);" title="Ajouter à ma liste" class="bt-produit-ajout-liste" href="http://www.auchandirect.fr/rayon.productgridorlist.productlist_1.thumbnailproduct_0.addproducttoshoppinglist/1183?t:ac=674">Ajouter à ma liste</a></div><div class="infos-produit-1"><div class="prix-actuel"><span>1.10€</span></div></div><div class="infos-produit-2"><a title="Voir le produit" href="http://www.auchandirect.fr/epicerie-salée/conserves,-plats-cuisinés/jeunes-carottes-extra-fines/id1/479/1183"><h2>AUCHAN</h2><h4>Jeunes carottes extra-fines</h4><h4></h4><p>
530 g
<br/>
2.08€/kg
</p></a></div><div class="mini_picto_bas"><!-- FIXME IDEM --><span class="com.atosworldline.ri.auchan.direct.front.tapestry.data.multimedia.Picture@58961005 pictoListing txtImg">XXXXX</span><!-- FIXME IDEM --><span class="com.atosworldline.ri.auchan.direct.front.tapestry.data.multimedia.Picture@63f5e5b2 pictoListing txtImg">XXXXX</span></div></div></div></td></tr><tr><td><!-- PL : ici --><div class="bloc-produit produit-auchan"><div class="bloc-produit-content   "><a title="Voir le produit" href="http://www.auchandirect.fr/epicerie-salée/conserves,-plats-cuisinés/carottes-jeunes/id1/479/40545"><img src="http://www.auchandirect.fr/static/images/products/line/40545.jpg" alt="" class="produit "/></a><div class="picto"><span class="invisible"></span></div><div class="boutons-produit"><a id="addProductToBasket_11" onclick="javascript:Tapestry.waitForPage(event);" title="Ajouter au panier" class="bt-produit-ajout-panier" href="http://www.auchandirect.fr/rayon.productgridorlist.productlist_1.thumbnailproduct_0.addproducttobasket/40545?t:ac=674"><span>Ajouter au panier</span></a><a id="addProductToShoppingList_11" onclick="javascript:Tapestry.waitForPage(event);" title="Ajouter à ma liste" class="bt-produit-ajout-liste" href="http://www.auchandirect.fr/rayon.productgridorlist.productlist_1.thumbnailproduct_0.addproducttoshoppinglist/40545?t:ac=674">Ajouter à ma liste</a></div><div class="infos-produit-1"><div class="prix-actuel"><span>0.70€</span></div></div><div class="infos-produit-2"><a title="Voir le produit" href="http://www.auchandirect.fr/epicerie-salée/conserves,-plats-cuisinés/carottes-jeunes/id1/479/40545"><h2>AUCHAN</h2><h4>Carottes jeunes</h4><h4>Extra fine</h4><p>
265 g
<br/>
2.64€/kg
</p></a></div><div class="mini_picto_bas"><!-- FIXME IDEM --><span class="com.atosworldline.ri.auchan.direct.front.tapestry.data.multimedia.Picture@24bb3c63 pictoListing txtImg">XXXXX</span><!-- FIXME IDEM --><span class="com.atosworldline.ri.auchan.direct.front.tapestry.data.multimedia.Picture@799a6c pictoListing txtImg">XXXXX</span></div></div></div></td><td><!-- PL : ici --><div class="bloc-produit produit-auchan"><div class="bloc-produit-content   "><a title="Voir le produit" href="http://www.auchandirect.fr/epicerie-salée/conserves,-plats-cuisinés/petits-pois-à-l'étuvée/id1/479/1153"><img src="http://www.auchandirect.fr/static/images/products/line/1153.jpg" alt="" class="produit "/></a><div class="picto"><span class="invisible"></span></div><div class="boutons-produit"><a id="addProductToBasket_12" onclick="javascript:Tapestry.waitForPage(event);" title="Ajouter au panier" class="bt-produit-ajout-panier" href="http://www.auchandirect.fr/rayon.productgridorlist.productlist_1.thumbnailproduct_0.addproducttobasket/1153?t:ac=674"><span>Ajouter au panier</span></a><a id="addProductToShoppingList_12" onclick="javascript:Tapestry.waitForPage(event);" title="Ajouter à ma liste" class="bt-produit-ajout-liste" href="http://www.auchandirect.fr/rayon.productgridorlist.productlist_1.thumbnailproduct_0.addproducttoshoppinglist/1153?t:ac=674">Ajouter à ma liste</a></div><div class="infos-produit-1"><div class="prix-actuel"><span>0.77€</span></div></div><div class="infos-produit-2"><a title="Voir le produit" href="http://www.auchandirect.fr/epicerie-salée/conserves,-plats-cuisinés/petits-pois-à-l'étuvée/id1/479/1153"><h2>AUCHAN</h2><h4>Petits pois à l'étuvée</h4><h4>Extra-fins</h4><p>
280 g
<br/>
2.75€/kg
</p></a></div><div class="mini_picto_bas"><!-- FIXME IDEM --><span class="com.atosworldline.ri.auchan.direct.front.tapestry.data.multimedia.Picture@2f8928b2 pictoListing txtImg">XXXXX</span><!-- FIXME IDEM --><span class="com.atosworldline.ri.auchan.direct.front.tapestry.data.multimedia.Picture@55ced67f pictoListing txtImg">XXXXX</span></div></div></div></td><td><!-- PL : ici --><div class="bloc-produit produit-auchan"><div class="bloc-produit-content   "><a title="Voir le produit" href="http://www.auchandirect.fr/epicerie-salée/conserves,-plats-cuisinés/petits-pois-à-l'étuvée-extra-fins/id1/479/27941"><img src="http://www.auchandirect.fr/static/images/products/line/27941.jpg" alt="" class="produit "/></a><div class="picto"><span class="invisible"></span></div><div class="boutons-produit"><a id="addProductToBasket_13" onclick="javascript:Tapestry.waitForPage(event);" title="Ajouter au panier" class="bt-produit-ajout-panier" href="http://www.auchandirect.fr/rayon.productgridorlist.productlist_1.thumbnailproduct_0.addproducttobasket/27941?t:ac=674"><span>Ajouter au panier</span></a><a id="addProductToShoppingList_13" onclick="javascript:Tapestry.waitForPage(event);" title="Ajouter à ma liste" class="bt-produit-ajout-liste" href="http://www.auchandirect.fr/rayon.productgridorlist.productlist_1.thumbnailproduct_0.addproducttoshoppinglist/27941?t:ac=674">Ajouter à ma liste</a></div><div class="infos-produit-1"><div class="prix-actuel"><span>1.58€</span></div></div><div class="infos-produit-2"><a title="Voir le produit" href="http://www.auchandirect.fr/epicerie-salée/conserves,-plats-cuisinés/petits-pois-à-l'étuvée-extra-fins/id1/479/27941"><h2>AUCHAN</h2><h4>Petits pois à l'étuvée extra fins</h4><h4></h4><p>
3 x 130 g
<br/>
4.05€/kg
</p></a></div><div class="mini_picto_bas"><!-- FIXME IDEM --><span class="com.atosworldline.ri.auchan.direct.front.tapestry.data.multimedia.Picture@7e6457db pictoListing txtImg">XXXXX</span><!-- FIXME IDEM --><span class="com.atosworldline.ri.auchan.direct.front.tapestry.data.multimedia.Picture@6dc42bb0 pictoListing txtImg">XXXXX</span></div></div></div></td></tr><tr><td><!-- PL : ici --><div class="bloc-produit produit-auchan"><div class="bloc-produit-content   "><a title="Voir le produit" href="http://www.auchandirect.fr/epicerie-salée/conserves,-plats-cuisinés/petits-pois-et-carottes-extra-fins/id1/479/40548"><img src="http://www.auchandirect.fr/static/images/products/line/40548.jpg" alt="" class="produit "/></a><div class="picto"><span class="invisible"></span></div><div class="boutons-produit"><a id="addProductToBasket_14" onclick="javascript:Tapestry.waitForPage(event);" title="Ajouter au panier" class="bt-produit-ajout-panier" href="http://www.auchandirect.fr/rayon.productgridorlist.productlist_1.thumbnailproduct_0.addproducttobasket/40548?t:ac=674"><span>Ajouter au panier</span></a><a id="addProductToShoppingList_14" onclick="javascript:Tapestry.waitForPage(event);" title="Ajouter à ma liste" class="bt-produit-ajout-liste" href="http://www.auchandirect.fr/rayon.productgridorlist.productlist_1.thumbnailproduct_0.addproducttoshoppinglist/40548?t:ac=674">Ajouter à ma liste</a></div><div class="infos-produit-1"><div class="prix-actuel"><span>1.74€</span></div></div><div class="infos-produit-2"><a title="Voir le produit" href="http://www.auchandirect.fr/epicerie-salée/conserves,-plats-cuisinés/petits-pois-et-carottes-extra-fins/id1/479/40548"><h2>AUCHAN</h2><h4>Petits pois et carottes extra-fins</h4><h4></h4><p>
3 x 130 g
<br/>
4.46€/kg
</p></a></div><div class="mini_picto_bas"></div></div></div></td><td><!-- PL : ici --><div class="bloc-produit produit-auchan"><div class="bloc-produit-content   "><a title="Voir le produit" href="http://www.auchandirect.fr/epicerie-salée/conserves,-plats-cuisinés/petits-pois---carottes/id1/479/1226"><img src="http://www.auchandirect.fr/static/images/products/line/1226.jpg" alt="" class="produit "/></a><div class="picto"><span class="invisible"></span></div><div class="boutons-produit"><a id="addProductToBasket_15" onclick="javascript:Tapestry.waitForPage(event);" title="Ajouter au panier" class="bt-produit-ajout-panier" href="http://www.auchandirect.fr/rayon.productgridorlist.productlist_1.thumbnailproduct_0.addproducttobasket/1226?t:ac=674"><span>Ajouter au panier</span></a><a id="addProductToShoppingList_15" onclick="javascript:Tapestry.waitForPage(event);" title="Ajouter à ma liste" class="bt-produit-ajout-liste" href="http://www.auchandirect.fr/rayon.productgridorlist.productlist_1.thumbnailproduct_0.addproducttoshoppinglist/1226?t:ac=674">Ajouter à ma liste</a></div><div class="infos-produit-1"><div class="prix-actuel"><span>1.31€</span></div></div><div class="infos-produit-2"><a title="Voir le produit" href="http://www.auchandirect.fr/epicerie-salée/conserves,-plats-cuisinés/petits-pois---carottes/id1/479/1226"><h2>AUCHAN</h2><h4>Petits pois - carottes</h4><h4>Extra-fins</h4><p>
530 g
<br/>
2.47€/kg
</p></a></div><div class="mini_picto_bas"></div></div></div></td><td><!-- PL : ici --><div class="bloc-produit produit-auchan"><div class="bloc-produit-content   "><a title="Voir le produit" href="http://www.auchandirect.fr/epicerie-salée/conserves,-plats-cuisinés/epinards-hachés/id1/479/1178"><img src="http://www.auchandirect.fr/static/images/products/line/1178.jpg" alt="" class="produit "/></a><div class="picto"><span class="invisible"></span></div><div class="boutons-produit"><a id="addProductToBasket_16" onclick="javascript:Tapestry.waitForPage(event);" title="Ajouter au panier" class="bt-produit-ajout-panier" href="http://www.auchandirect.fr/rayon.productgridorlist.productlist_1.thumbnailproduct_0.addproducttobasket/1178?t:ac=674"><span>Ajouter au panier</span></a><a id="addProductToShoppingList_16" onclick="javascript:Tapestry.waitForPage(event);" title="Ajouter à ma liste" class="bt-produit-ajout-liste" href="http://www.auchandirect.fr/rayon.productgridorlist.productlist_1.thumbnailproduct_0.addproducttoshoppinglist/1178?t:ac=674">Ajouter à ma liste</a></div><div class="infos-produit-1"><div class="prix-actuel"><span>0.71€</span></div></div><div class="infos-produit-2"><a title="Voir le produit" href="http://www.auchandirect.fr/epicerie-salée/conserves,-plats-cuisinés/epinards-hachés/id1/479/1178"><h2>AUCHAN</h2><h4>Epinards hachés</h4><h4></h4><p>
395 g
<br/>
1.80€/kg
</p></a></div><div class="mini_picto_bas"><!-- FIXME IDEM --><span class="com.atosworldline.ri.auchan.direct.front.tapestry.data.multimedia.Picture@6a10681c pictoListing txtImg">XXXXX</span><!-- FIXME IDEM --><span class="com.atosworldline.ri.auchan.direct.front.tapestry.data.multimedia.Picture@5b233caa pictoListing txtImg">XXXXX</span></div></div></div></td></tr><tr><td><!-- PL : ici --><div class="bloc-produit produit-auchan"><div class="bloc-produit-content   "><a title="Voir le produit" href="http://www.auchandirect.fr/epicerie-salée/conserves,-plats-cuisinés/salsifis-en-boite/id1/479/1140"><img src="http://www.auchandirect.fr/static/images/products/line/1140.jpg" alt="" class="produit "/></a><div class="picto"><span class="invisible"></span></div><div class="boutons-produit"><a id="addProductToBasket_17" onclick="javascript:Tapestry.waitForPage(event);" title="Ajouter au panier" class="bt-produit-ajout-panier" href="http://www.auchandirect.fr/rayon.productgridorlist.productlist_1.thumbnailproduct_0.addproducttobasket/1140?t:ac=674"><span>Ajouter au panier</span></a><a id="addProductToShoppingList_17" onclick="javascript:Tapestry.waitForPage(event);" title="Ajouter à ma liste" class="bt-produit-ajout-liste" href="http://www.auchandirect.fr/rayon.productgridorlist.productlist_1.thumbnailproduct_0.addproducttoshoppinglist/1140?t:ac=674">Ajouter à ma liste</a></div><div class="infos-produit-1"><div class="prix-actuel"><span>1.04€</span></div></div><div class="infos-produit-2"><a title="Voir le produit" href="http://www.auchandirect.fr/epicerie-salée/conserves,-plats-cuisinés/salsifis-en-boite/id1/479/1140"><h2>AUCHAN</h2><h4>Salsifis en boite</h4><h4></h4><p>
250 g
<br/>
4.16€/kg
</p></a></div><div class="mini_picto_bas"><!-- FIXME IDEM --><span class="com.atosworldline.ri.auchan.direct.front.tapestry.data.multimedia.Picture@6663eba4 pictoListing txtImg">XXXXX</span><!-- FIXME IDEM --><span class="com.atosworldline.ri.auchan.direct.front.tapestry.data.multimedia.Picture@2a039080 pictoListing txtImg">XXXXX</span></div></div></div></td><td><!-- PL : ici --><div class="bloc-produit produit-auchan bientot-dispo"><div class="bloc-produit-content   "><a title="Voir le produit" href="http://www.auchandirect.fr/epicerie-salée/conserves,-plats-cuisinés/salsifis-en-boite/id1/479/1141"><img src="http://www.auchandirect.fr/static/images/products/line/1141.jpg" alt="" class="produit "/></a><div class="picto"><span class="invisible"></span></div><div class="boutons-produit"><a class="bt-produit-ajout-panier disable" title="Bientôt disponible" href="javascript:void(0)"><span>Bientôt disponible</span></a><a id="addProductToShoppingList_18" onclick="javascript:Tapestry.waitForPage(event);" title="Ajouter à ma liste" class="bt-produit-ajout-liste" href="http://www.auchandirect.fr/rayon.productgridorlist.productlist_1.thumbnailproduct_0.addproducttoshoppinglist/1141?t:ac=674">Ajouter à ma liste</a></div><div class="infos-produit-1"><div class="prix-actuel"><span>2.00€</span></div></div><div class="infos-produit-2"><a title="Voir le produit" href="http://www.auchandirect.fr/epicerie-salée/conserves,-plats-cuisinés/salsifis-en-boite/id1/479/1141"><h2>AUCHAN</h2><h4>Salsifis en boite</h4><h4></h4><p>
500 g
<br/>
4.00€/kg
</p></a></div><div class="mini_picto_bas"><!-- FIXME IDEM --><span class="com.atosworldline.ri.auchan.direct.front.tapestry.data.multimedia.Picture@5003d90c pictoListing txtImg">XXXXX</span><!-- FIXME IDEM --><span class="com.atosworldline.ri.auchan.direct.front.tapestry.data.multimedia.Picture@2c9ecbde pictoListing txtImg">XXXXX</span></div></div></div></td><td><!-- PL : ici --><div class="bloc-produit produit-auchan"><div class="bloc-produit-content   "><a title="Voir le produit" href="http://www.auchandirect.fr/epicerie-salée/conserves,-plats-cuisinés/coeurs-de-céleri/id1/479/79109"><img src="http://www.auchandirect.fr/static/images/products/line/79109.jpg" alt="" class="produit "/></a><div class="picto"><span class="invisible"></span></div><div class="boutons-produit"><a id="addProductToBasket_18" onclick="javascript:Tapestry.waitForPage(event);" title="Ajouter au panier" class="bt-produit-ajout-panier" href="http://www.auchandirect.fr/rayon.productgridorlist.productlist_1.thumbnailproduct_0.addproducttobasket/79109?t:ac=674"><span>Ajouter au panier</span></a><a id="addProductToShoppingList_19" onclick="javascript:Tapestry.waitForPage(event);" title="Ajouter à ma liste" class="bt-produit-ajout-liste" href="http://www.auchandirect.fr/rayon.productgridorlist.productlist_1.thumbnailproduct_0.addproducttoshoppinglist/79109?t:ac=674">Ajouter à ma liste</a></div><div class="infos-produit-1"><div class="prix-actuel"><span>2.20€</span></div></div><div class="infos-produit-2"><a title="Voir le produit" href="http://www.auchandirect.fr/epicerie-salée/conserves,-plats-cuisinés/coeurs-de-céleri/id1/479/79109"><h2>AUCHAN</h2><h4>Coeurs de céleri</h4><h4></h4><p>
530 g
<br/>
4.15€/kg
</p></a></div><div class="mini_picto_bas"></div></div></div></td></tr><tr><td><!-- PL : ici --><div class="bloc-produit produit-auchan"><div class="bloc-produit-content   "><a title="Voir le produit" href="http://www.auchandirect.fr/epicerie-salée/conserves,-plats-cuisinés/flageolets-verts/id1/479/40614"><img src="http://www.auchandirect.fr/static/images/products/line/40614.jpg" alt="" class="produit "/></a><div class="picto"><span class="invisible"></span></div><div class="boutons-produit"><a id="addProductToBasket_19" onclick="javascript:Tapestry.waitForPage(event);" title="Ajouter au panier" class="bt-produit-ajout-panier" href="http://www.auchandirect.fr/rayon.productgridorlist.productlist_1.thumbnailproduct_0.addproducttobasket/40614?t:ac=674"><span>Ajouter au panier</span></a><a id="addProductToShoppingList_20" onclick="javascript:Tapestry.waitForPage(event);" title="Ajouter à ma liste" class="bt-produit-ajout-liste" href="http://www.auchandirect.fr/rayon.productgridorlist.productlist_1.thumbnailproduct_0.addproducttoshoppinglist/40614?t:ac=674">Ajouter à ma liste</a></div><div class="infos-produit-1"><div class="prix-actuel"><span>0.75€</span></div></div><div class="infos-produit-2"><a title="Voir le produit" href="http://www.auchandirect.fr/epicerie-salée/conserves,-plats-cuisinés/flageolets-verts/id1/479/40614"><h2>AUCHAN</h2><h4>Flageolets verts</h4><h4>Extra fins</h4><p>
265 g
<br/>
2.83€/kg
</p></a></div><div class="mini_picto_bas"><!-- FIXME IDEM --><span class="com.atosworldline.ri.auchan.direct.front.tapestry.data.multimedia.Picture@6d5a72b4 pictoListing txtImg">XXXXX</span><!-- FIXME IDEM --><span class="com.atosworldline.ri.auchan.direct.front.tapestry.data.multimedia.Picture@4d20bf82 pictoListing txtImg">XXXXX</span></div></div></div></td><td><!-- PL : ici --><div class="bloc-produit produit-auchan"><div class="bloc-produit-content   "><a title="Voir le produit" href="http://www.auchandirect.fr/epicerie-salée/conserves,-plats-cuisinés/flageolets-verts/id1/479/40613"><img src="http://www.auchandirect.fr/static/images/products/line/40613.jpg" alt="" class="produit "/></a><div class="picto"><span class="invisible"></span></div><div class="boutons-produit"><a id="addProductToBasket_20" onclick="javascript:Tapestry.waitForPage(event);" title="Ajouter au panier" class="bt-produit-ajout-panier" href="http://www.auchandirect.fr/rayon.productgridorlist.productlist_1.thumbnailproduct_0.addproducttobasket/40613?t:ac=674"><span>Ajouter au panier</span></a><a id="addProductToShoppingList_21" onclick="javascript:Tapestry.waitForPage(event);" title="Ajouter à ma liste" class="bt-produit-ajout-liste" href="http://www.auchandirect.fr/rayon.productgridorlist.productlist_1.thumbnailproduct_0.addproducttoshoppinglist/40613?t:ac=674">Ajouter à ma liste</a></div><div class="infos-produit-1"><div class="prix-actuel"><span>1.38€</span></div></div><div class="infos-produit-2"><a title="Voir le produit" href="http://www.auchandirect.fr/epicerie-salée/conserves,-plats-cuisinés/flageolets-verts/id1/479/40613"><h2>AUCHAN</h2><h4>Flageolets verts</h4><h4>Extra fins</h4><p>
530 g
<br/>
2.60€/kg
</p></a></div><div class="mini_picto_bas"><!-- FIXME IDEM --><span class="com.atosworldline.ri.auchan.direct.front.tapestry.data.multimedia.Picture@20fd175d pictoListing txtImg">XXXXX</span><!-- FIXME IDEM --><span class="com.atosworldline.ri.auchan.direct.front.tapestry.data.multimedia.Picture@4808eb96 pictoListing txtImg">XXXXX</span></div></div></div></td><td><!-- PL : ici --><div class="bloc-produit produit-auchan"><div class="bloc-produit-content   "><a title="Voir le produit" href="http://www.auchandirect.fr/epicerie-salée/conserves,-plats-cuisinés/choux-de-bruxelles/id1/479/1182"><img src="http://www.auchandirect.fr/static/images/products/line/1182.jpg" alt="" class="produit "/></a><div class="picto"><span class="invisible"></span></div><div class="boutons-produit"><a id="addProductToBasket_21" onclick="javascript:Tapestry.waitForPage(event);" title="Ajouter au panier" class="bt-produit-ajout-panier" href="http://www.auchandirect.fr/rayon.productgridorlist.productlist_1.thumbnailproduct_0.addproducttobasket/1182?t:ac=674"><span>Ajouter au panier</span></a><a id="addProductToShoppingList_22" onclick="javascript:Tapestry.waitForPage(event);" title="Ajouter à ma liste" class="bt-produit-ajout-liste" href="http://www.auchandirect.fr/rayon.productgridorlist.productlist_1.thumbnailproduct_0.addproducttoshoppinglist/1182?t:ac=674">Ajouter à ma liste</a></div><div class="infos-produit-1"><div class="prix-actuel"><span>0.99€</span></div></div><div class="infos-produit-2"><a title="Voir le produit" href="http://www.auchandirect.fr/epicerie-salée/conserves,-plats-cuisinés/choux-de-bruxelles/id1/479/1182"><h2>AUCHAN</h2><h4>Choux de Bruxelles</h4><h4></h4><p>
400 g
<br/>
2.48€/kg
</p></a></div><div class="mini_picto_bas"><!-- FIXME IDEM --><span class="com.atosworldline.ri.auchan.direct.front.tapestry.data.multimedia.Picture@41a2e9cc pictoListing txtImg">XXXXX</span><!-- FIXME IDEM --><span class="com.atosworldline.ri.auchan.direct.front.tapestry.data.multimedia.Picture@2ea371be pictoListing txtImg">XXXXX</span></div></div></div></td></tr><tr><td><!-- PL : ici --><div class="bloc-produit produit-auchan"><div class="bloc-produit-content   "><a title="Voir le produit" href="http://www.auchandirect.fr/epicerie-salée/conserves,-plats-cuisinés/lentilles-préparées/id1/479/17704"><img src="http://www.auchandirect.fr/static/images/products/line/17704.jpg" alt="" class="produit "/></a><div class="picto"><span class="invisible"></span></div><div class="boutons-produit"><a id="addProductToBasket_22" onclick="javascript:Tapestry.waitForPage(event);" title="Ajouter au panier" class="bt-produit-ajout-panier" href="http://www.auchandirect.fr/rayon.productgridorlist.productlist_1.thumbnailproduct_0.addproducttobasket/17704?t:ac=674"><span>Ajouter au panier</span></a><a id="addProductToShoppingList_23" onclick="javascript:Tapestry.waitForPage(event);" title="Ajouter à ma liste" class="bt-produit-ajout-liste" href="http://www.auchandirect.fr/rayon.productgridorlist.productlist_1.thumbnailproduct_0.addproducttoshoppinglist/17704?t:ac=674">Ajouter à ma liste</a></div><div class="infos-produit-1"><div class="prix-actuel"><span>0.83€</span></div></div><div class="infos-produit-2"><a title="Voir le produit" href="http://www.auchandirect.fr/epicerie-salée/conserves,-plats-cuisinés/lentilles-préparées/id1/479/17704"><h2>AUCHAN</h2><h4>Lentilles préparées</h4><h4>Natures</h4><p>
800 g
<br/>
1.04€/kg
</p></a></div><div class="mini_picto_bas"><!-- FIXME IDEM --><span class="com.atosworldline.ri.auchan.direct.front.tapestry.data.multimedia.Picture@6c8088dd pictoListing txtImg">XXXXX</span><!-- FIXME IDEM --><span class="com.atosworldline.ri.auchan.direct.front.tapestry.data.multimedia.Picture@6a999cd1 pictoListing txtImg">XXXXX</span></div></div></div></td><td><!-- PL : ici --><div class="bloc-produit produit-auchan"><div class="bloc-produit-content   "><a title="Voir le produit" href="http://www.auchandirect.fr/epicerie-salée/conserves,-plats-cuisinés/lentilles-cuisinées-à-la-graisse-d'oie/id1/479/40546"><img src="http://www.auchandirect.fr/static/images/products/line/40546.jpg" alt="" class="produit "/></a><div class="picto"><span class="invisible"></span></div><div class="boutons-produit"><a id="addProductToBasket_23" onclick="javascript:Tapestry.waitForPage(event);" title="Ajouter au panier" class="bt-produit-ajout-panier" href="http://www.auchandirect.fr/rayon.productgridorlist.productlist_1.thumbnailproduct_0.addproducttobasket/40546?t:ac=674"><span>Ajouter au panier</span></a><a id="addProductToShoppingList_24" onclick="javascript:Tapestry.waitForPage(event);" title="Ajouter à ma liste" class="bt-produit-ajout-liste" href="http://www.auchandirect.fr/rayon.productgridorlist.productlist_1.thumbnailproduct_0.addproducttoshoppinglist/40546?t:ac=674">Ajouter à ma liste</a></div><div class="infos-produit-1"><div class="prix-actuel"><span>0.78€</span></div></div><div class="infos-produit-2"><a title="Voir le produit" href="http://www.auchandirect.fr/epicerie-salée/conserves,-plats-cuisinés/lentilles-cuisinées-à-la-graisse-d'oie/id1/479/40546"><h2>AUCHAN</h2><h4>Lentilles cuisinées à la graisse d'oie</h4><h4></h4><p>
400 g
<br/>
1.95€/kg
</p></a></div><div class="mini_picto_bas"><!-- FIXME IDEM --><span class="com.atosworldline.ri.auchan.direct.front.tapestry.data.multimedia.Picture@b069404 pictoListing txtImg">XXXXX</span></div></div></div></td><td><!-- PL : ici --><div class="bloc-produit produit-auchan"><div class="bloc-produit-content   "><a title="Voir le produit" href="http://www.auchandirect.fr/epicerie-salée/conserves,-plats-cuisinés/lentilles-préparées/id1/479/17664"><img src="http://www.auchandirect.fr/static/images/products/line/17664.jpg" alt="" class="produit "/></a><div class="picto"><span class="invisible"></span></div><div class="boutons-produit"><a id="addProductToBasket_24" onclick="javascript:Tapestry.waitForPage(event);" title="Ajouter au panier" class="bt-produit-ajout-panier" href="http://www.auchandirect.fr/rayon.productgridorlist.productlist_1.thumbnailproduct_0.addproducttobasket/17664?t:ac=674"><span>Ajouter au panier</span></a><a id="addProductToShoppingList_25" onclick="javascript:Tapestry.waitForPage(event);" title="Ajouter à ma liste" class="bt-produit-ajout-liste" href="http://www.auchandirect.fr/rayon.productgridorlist.productlist_1.thumbnailproduct_0.addproducttoshoppinglist/17664?t:ac=674">Ajouter à ma liste</a></div><div class="infos-produit-1"><div class="prix-actuel"><span>0.56€</span></div></div><div class="infos-produit-2"><a title="Voir le produit" href="http://www.auchandirect.fr/epicerie-salée/conserves,-plats-cuisinés/lentilles-préparées/id1/479/17664"><h2>AUCHAN</h2><h4>Lentilles préparées</h4><h4></h4><p>
265 g
<br/>
2.11€/kg
</p></a></div><div class="mini_picto_bas"></div></div></div></td></tr><tr><td><!-- PL : ici --><div class="bloc-produit produit-auchan"><div class="bloc-produit-content   "><a title="Voir le produit" href="http://www.auchandirect.fr/epicerie-salée/conserves,-plats-cuisinés/tomates-entières-pelées/id1/479/1872"><img src="http://www.auchandirect.fr/static/images/products/line/1872.jpg" alt="" class="produit "/></a><div class="picto"><span class="invisible"></span></div><div class="boutons-produit"><a id="addProductToBasket_25" onclick="javascript:Tapestry.waitForPage(event);" title="Ajouter au panier" class="bt-produit-ajout-panier" href="http://www.auchandirect.fr/rayon.productgridorlist.productlist_1.thumbnailproduct_0.addproducttobasket/1872?t:ac=674"><span>Ajouter au panier</span></a><a id="addProductToShoppingList_26" onclick="javascript:Tapestry.waitForPage(event);" title="Ajouter à ma liste" class="bt-produit-ajout-liste" href="http://www.auchandirect.fr/rayon.productgridorlist.productlist_1.thumbnailproduct_0.addproducttoshoppinglist/1872?t:ac=674">Ajouter à ma liste</a></div><div class="infos-produit-1"><div class="prix-actuel"><span>0.49€</span></div></div><div class="infos-produit-2"><a title="Voir le produit" href="http://www.auchandirect.fr/epicerie-salée/conserves,-plats-cuisinés/tomates-entières-pelées/id1/479/1872"><h2>AUCHAN</h2><h4>Tomates entières pelées</h4><h4></h4><p>
220 g
<br/>
2.23€/kg
</p></a></div><div class="mini_picto_bas"><!-- FIXME IDEM --><span class="com.atosworldline.ri.auchan.direct.front.tapestry.data.multimedia.Picture@5cdf9843 pictoListing txtImg">XXXXX</span><!-- FIXME IDEM --><span class="com.atosworldline.ri.auchan.direct.front.tapestry.data.multimedia.Picture@5b858657 pictoListing txtImg">XXXXX</span></div></div></div></td><td><!-- PL : ici --><div class="bloc-produit produit-auchan"><div class="bloc-produit-content   "><a title="Voir le produit" href="http://www.auchandirect.fr/epicerie-salée/conserves,-plats-cuisinés/chair-de-tomate/id1/479/33382"><img src="http://www.auchandirect.fr/static/images/products/line/33382.jpg" alt="" class="produit "/></a><div class="picto"><span class="invisible"></span></div><div class="boutons-produit"><a id="addProductToBasket_26" onclick="javascript:Tapestry.waitForPage(event);" title="Ajouter au panier" class="bt-produit-ajout-panier" href="http://www.auchandirect.fr/rayon.productgridorlist.productlist_1.thumbnailproduct_0.addproducttobasket/33382?t:ac=674"><span>Ajouter au panier</span></a><a id="addProductToShoppingList_27" onclick="javascript:Tapestry.waitForPage(event);" title="Ajouter à ma liste" class="bt-produit-ajout-liste" href="http://www.auchandirect.fr/rayon.productgridorlist.productlist_1.thumbnailproduct_0.addproducttoshoppinglist/33382?t:ac=674">Ajouter à ma liste</a></div><div class="infos-produit-1"><div class="prix-actuel"><span>1.22€</span></div></div><div class="infos-produit-2"><a title="Voir le produit" href="http://www.auchandirect.fr/epicerie-salée/conserves,-plats-cuisinés/chair-de-tomate/id1/479/33382"><h2>AUCHAN</h2><h4>Chair de tomate</h4><h4>Naturel</h4><p>
400 g
<br/>
3.05€/kg
</p></a></div><div class="mini_picto_bas"><!-- FIXME IDEM --><span class="com.atosworldline.ri.auchan.direct.front.tapestry.data.multimedia.Picture@1b36e8b2 pictoListing txtImg">XXXXX</span><!-- FIXME IDEM --><span class="com.atosworldline.ri.auchan.direct.front.tapestry.data.multimedia.Picture@31e70c13 pictoListing txtImg">XXXXX</span></div></div></div></td><td><!-- PL : ici --><div class="bloc-produit produit-auchan"><div class="bloc-produit-content   "><a title="Voir le produit" href="http://www.auchandirect.fr/epicerie-salée/conserves,-plats-cuisinés/tomates-entières-pelées/id1/479/10784"><img src="http://www.auchandirect.fr/static/images/products/line/10784.jpg" alt="" class="produit "/></a><div class="picto"><span class="invisible"></span></div><div class="boutons-produit"><a id="addProductToBasket_27" onclick="javascript:Tapestry.waitForPage(event);" title="Ajouter au panier" class="bt-produit-ajout-panier" href="http://www.auchandirect.fr/rayon.productgridorlist.productlist_1.thumbnailproduct_0.addproducttobasket/10784?t:ac=674"><span>Ajouter au panier</span></a><a id="addProductToShoppingList_28" onclick="javascript:Tapestry.waitForPage(event);" title="Ajouter à ma liste" class="bt-produit-ajout-liste" href="http://www.auchandirect.fr/rayon.productgridorlist.productlist_1.thumbnailproduct_0.addproducttoshoppinglist/10784?t:ac=674">Ajouter à ma liste</a></div><div class="infos-produit-1"><div class="prix-actuel"><span>0.89€</span></div></div><div class="infos-produit-2"><a title="Voir le produit" href="http://www.auchandirect.fr/epicerie-salée/conserves,-plats-cuisinés/tomates-entières-pelées/id1/479/10784"><h2>AUCHAN</h2><h4>Tomates entières pelées</h4><h4></h4><p>
480 g
<br/>
1.85€/kg
</p></a></div><div class="mini_picto_bas"><!-- FIXME IDEM --><span class="com.atosworldline.ri.auchan.direct.front.tapestry.data.multimedia.Picture@37c9ccfd pictoListing txtImg">XXXXX</span><!-- FIXME IDEM --><span class="com.atosworldline.ri.auchan.direct.front.tapestry.data.multimedia.Picture@21b112a8 pictoListing txtImg">XXXXX</span></div></div></div></td></tr><tr><td><!-- PL : ici --><div class="bloc-produit produit-auchan"><div class="bloc-produit-content   "><a title="Voir le produit" href="http://www.auchandirect.fr/epicerie-salée/sauces,-condiments/pulpe-de-tomates/id1/482/24479"><img src="http://www.auchandirect.fr/static/images/products/line/24479.jpg" alt="" class="produit "/></a><div class="picto"><span class="invisible"></span></div><div class="boutons-produit"><a id="addProductToBasket_28" onclick="javascript:Tapestry.waitForPage(event);" title="Ajouter au panier" class="bt-produit-ajout-panier" href="http://www.auchandirect.fr/rayon.productgridorlist.productlist_1.thumbnailproduct_0.addproducttobasket/24479?t:ac=674"><span>Ajouter au panier</span></a><a id="addProductToShoppingList_29" onclick="javascript:Tapestry.waitForPage(event);" title="Ajouter à ma liste" class="bt-produit-ajout-liste" href="http://www.auchandirect.fr/rayon.productgridorlist.productlist_1.thumbnailproduct_0.addproducttoshoppinglist/24479?t:ac=674">Ajouter à ma liste</a></div><div class="infos-produit-1"><div class="prix-actuel"><span>1.73€</span></div></div><div class="infos-produit-2"><a title="Voir le produit" href="http://www.auchandirect.fr/epicerie-salée/sauces,-condiments/pulpe-de-tomates/id1/482/24479"><h2>AUCHAN</h2><h4>Pulpe de tomates</h4><h4></h4><p>
3 x 400 g
<br/>
1.44€/kg
</p></a></div><div class="mini_picto_bas"><!-- FIXME IDEM --><span class="com.atosworldline.ri.auchan.direct.front.tapestry.data.multimedia.Picture@703fe4df pictoListing txtImg">XXXXX</span><!-- FIXME IDEM --><span class="com.atosworldline.ri.auchan.direct.front.tapestry.data.multimedia.Picture@72cb260b pictoListing txtImg">XXXXX</span></div></div></div></td><td><!-- PL : ici --><div class="bloc-produit produit-auchan"><div class="bloc-produit-content   "><a title="Voir le produit" href="http://www.auchandirect.fr/epicerie-salée/conserves,-plats-cuisinés/marrons-entiers-pelés-au-feu/id1/479/40652"><img src="http://www.auchandirect.fr/static/images/products/line/40652.jpg" alt="" class="produit "/></a><div class="picto"><span class="invisible"></span></div><div class="boutons-produit"><a id="addProductToBasket_29" onclick="javascript:Tapestry.waitForPage(event);" title="Ajouter au panier" class="bt-produit-ajout-panier" href="http://www.auchandirect.fr/rayon.productgridorlist.productlist_1.thumbnailproduct_0.addproducttobasket/40652?t:ac=674"><span>Ajouter au panier</span></a><a id="addProductToShoppingList_30" onclick="javascript:Tapestry.waitForPage(event);" title="Ajouter à ma liste" class="bt-produit-ajout-liste" href="http://www.auchandirect.fr/rayon.productgridorlist.productlist_1.thumbnailproduct_0.addproducttoshoppinglist/40652?t:ac=674">Ajouter à ma liste</a></div><div class="infos-produit-1"><div class="prix-actuel"><span>3.68€</span></div></div><div class="infos-produit-2"><a title="Voir le produit" href="http://www.auchandirect.fr/epicerie-salée/conserves,-plats-cuisinés/marrons-entiers-pelés-au-feu/id1/479/40652"><h2>AUCHAN</h2><h4>Marrons entiers pelés au feu</h4><h4></h4><p>
561 g
<br/>
6.56€/kg
</p></a></div><div class="mini_picto_bas"><!-- FIXME IDEM --><span class="com.atosworldline.ri.auchan.direct.front.tapestry.data.multimedia.Picture@772ed70d pictoListing txtImg">XXXXX</span><!-- FIXME IDEM --><span class="com.atosworldline.ri.auchan.direct.front.tapestry.data.multimedia.Picture@2428d39c pictoListing txtImg">XXXXX</span></div></div></div></td><td><!-- PL : ici --><div class="bloc-produit produit-auchan"><div class="bloc-produit-content   "><a title="Voir le produit" href="http://www.auchandirect.fr/epicerie-salée/conserves,-plats-cuisinés/maïs-doux-en-grains/id1/479/1166"><img src="http://www.auchandirect.fr/static/images/products/line/1166.jpg" alt="" class="produit "/></a><div class="picto"><span class="invisible"></span></div><div class="boutons-produit"><a id="addProductToBasket_30" onclick="javascript:Tapestry.waitForPage(event);" title="Ajouter au panier" class="bt-produit-ajout-panier" href="http://www.auchandirect.fr/rayon.productgridorlist.productlist_1.thumbnailproduct_0.addproducttobasket/1166?t:ac=674"><span>Ajouter au panier</span></a><a id="addProductToShoppingList_31" onclick="javascript:Tapestry.waitForPage(event);" title="Ajouter à ma liste" class="bt-produit-ajout-liste" href="http://www.auchandirect.fr/rayon.productgridorlist.productlist_1.thumbnailproduct_0.addproducttoshoppinglist/1166?t:ac=674">Ajouter à ma liste</a></div><div class="infos-produit-1"><div class="prix-actuel"><span>0.61€</span></div></div><div class="infos-produit-2"><a title="Voir le produit" href="http://www.auchandirect.fr/epicerie-salée/conserves,-plats-cuisinés/maïs-doux-en-grains/id1/479/1166"><h2>AUCHAN</h2><h4>Maïs doux en grains</h4><h4></h4><p>
285 g
<br/>
2.14€/kg
</p></a></div><div class="mini_picto_bas"><!-- FIXME IDEM --><span class="com.atosworldline.ri.auchan.direct.front.tapestry.data.multimedia.Picture@745cb94f pictoListing txtImg">XXXXX</span><!-- FIXME IDEM --><span class="com.atosworldline.ri.auchan.direct.front.tapestry.data.multimedia.Picture@738a2d37 pictoListing txtImg">XXXXX</span></div></div></div></td></tr><tr><td><!-- PL : ici --><div class="bloc-produit produit-auchan"><div class="bloc-produit-content   "><a title="Voir le produit" href="http://www.auchandirect.fr/epicerie-salée/conserves,-plats-cuisinés/mini-épis-de-maïs-entiers-au-vinaigre-sucré/id1/479/52042"><img src="http://www.auchandirect.fr/static/images/products/line/52042.jpg" alt="" class="produit "/></a><div class="picto"><span class="invisible"></span></div><div class="boutons-produit"><a id="addProductToBasket_31" onclick="javascript:Tapestry.waitForPage(event);" title="Ajouter au panier" class="bt-produit-ajout-panier" href="http://www.auchandirect.fr/rayon.productgridorlist.productlist_1.thumbnailproduct_0.addproducttobasket/52042?t:ac=674"><span>Ajouter au panier</span></a><a id="addProductToShoppingList_32" onclick="javascript:Tapestry.waitForPage(event);" title="Ajouter à ma liste" class="bt-produit-ajout-liste" href="http://www.auchandirect.fr/rayon.productgridorlist.productlist_1.thumbnailproduct_0.addproducttoshoppinglist/52042?t:ac=674">Ajouter à ma liste</a></div><div class="infos-produit-1"><div class="prix-actuel"><span>2.35€</span></div></div><div class="infos-produit-2"><a title="Voir le produit" href="http://www.auchandirect.fr/epicerie-salée/conserves,-plats-cuisinés/mini-épis-de-maïs-entiers-au-vinaigre-sucré/id1/479/52042"><h2>AUCHAN</h2><h4>Mini épis de maïs entiers au vinaigre sucré</h4><h4></h4><p>
145 g
<br/>
16.21€/kg
</p></a></div><div class="mini_picto_bas"><!-- FIXME IDEM --><span class="com.atosworldline.ri.auchan.direct.front.tapestry.data.multimedia.Picture@749eb123 pictoListing txtImg">XXXXX</span><!-- FIXME IDEM --><span class="com.atosworldline.ri.auchan.direct.front.tapestry.data.multimedia.Picture@5e7faca5 pictoListing txtImg">XXXXX</span></div></div></div></td><td><!-- PL : ici --><div class="bloc-produit produit-auchan"><div class="bloc-produit-content   "><a title="Voir le produit" href="http://www.auchandirect.fr/epicerie-salée/conserves,-plats-cuisinés/pois-chiches/id1/479/24653"><img src="http://www.auchandirect.fr/static/images/products/line/24653.jpg" alt="" class="produit "/></a><div class="picto"><span class="invisible"></span></div><div class="boutons-produit"><a id="addProductToBasket_32" onclick="javascript:Tapestry.waitForPage(event);" title="Ajouter au panier" class="bt-produit-ajout-panier" href="http://www.auchandirect.fr/rayon.productgridorlist.productlist_1.thumbnailproduct_0.addproducttobasket/24653?t:ac=674"><span>Ajouter au panier</span></a><a id="addProductToShoppingList_33" onclick="javascript:Tapestry.waitForPage(event);" title="Ajouter à ma liste" class="bt-produit-ajout-liste" href="http://www.auchandirect.fr/rayon.productgridorlist.productlist_1.thumbnailproduct_0.addproducttoshoppinglist/24653?t:ac=674">Ajouter à ma liste</a></div><div class="infos-produit-1"><div class="prix-actuel"><span>0.55€</span></div></div><div class="infos-produit-2"><a title="Voir le produit" href="http://www.auchandirect.fr/epicerie-salée/conserves,-plats-cuisinés/pois-chiches/id1/479/24653"><h2>AUCHAN</h2><h4>Pois chiches</h4><h4></h4><p>
265 g
<br/>
2.08€/kg
</p></a></div><div class="mini_picto_bas"><!-- FIXME IDEM --><span class="com.atosworldline.ri.auchan.direct.front.tapestry.data.multimedia.Picture@101fb51b pictoListing txtImg">XXXXX</span><!-- FIXME IDEM --><span class="com.atosworldline.ri.auchan.direct.front.tapestry.data.multimedia.Picture@11ab07e2 pictoListing txtImg">XXXXX</span></div></div></div></td><td><!-- PL : ici --><div class="bloc-produit produit-auchan"><div class="bloc-produit-content   "><a title="Voir le produit" href="http://www.auchandirect.fr/epicerie-salée/conserves,-plats-cuisinés/pois-chiches/id1/479/37507"><img src="http://www.auchandirect.fr/static/images/products/line/37507.jpg" alt="" class="produit "/></a><div class="picto"><span class="invisible"></span></div><div class="boutons-produit"><a id="addProductToBasket_33" onclick="javascript:Tapestry.waitForPage(event);" title="Ajouter au panier" class="bt-produit-ajout-panier" href="http://www.auchandirect.fr/rayon.productgridorlist.productlist_1.thumbnailproduct_0.addproducttobasket/37507?t:ac=674"><span>Ajouter au panier</span></a><a id="addProductToShoppingList_34" onclick="javascript:Tapestry.waitForPage(event);" title="Ajouter à ma liste" class="bt-produit-ajout-liste" href="http://www.auchandirect.fr/rayon.productgridorlist.productlist_1.thumbnailproduct_0.addproducttoshoppinglist/37507?t:ac=674">Ajouter à ma liste</a></div><div class="infos-produit-1"><div class="prix-actuel"><span>0.80€</span></div></div><div class="infos-produit-2"><a title="Voir le produit" href="http://www.auchandirect.fr/epicerie-salée/conserves,-plats-cuisinés/pois-chiches/id1/479/37507"><h2>AUCHAN</h2><h4>Pois chiches</h4><h4></h4><p>
530 g
<br/>
1.51€/kg
</p></a></div><div class="mini_picto_bas"><!-- FIXME IDEM --><span class="com.atosworldline.ri.auchan.direct.front.tapestry.data.multimedia.Picture@73928f7d pictoListing txtImg">XXXXX</span><!-- FIXME IDEM --><span class="com.atosworldline.ri.auchan.direct.front.tapestry.data.multimedia.Picture@1b0a92d2 pictoListing txtImg">XXXXX</span></div></div></div></td></tr><tr><td><!-- PL : ici --><div class="bloc-produit produit-auchan"><div class="bloc-produit-content   "><a title="Voir le produit" href="http://www.auchandirect.fr/epicerie-salée/conserves,-plats-cuisinés/légumes-pour-couscous/id1/479/3010"><img src="http://www.auchandirect.fr/static/images/products/line/3010.jpg" alt="" class="produit "/></a><div class="picto"><span class="invisible"></span></div><div class="boutons-produit"><a id="addProductToBasket_34" onclick="javascript:Tapestry.waitForPage(event);" title="Ajouter au panier" class="bt-produit-ajout-panier" href="http://www.auchandirect.fr/rayon.productgridorlist.productlist_1.thumbnailproduct_0.addproducttobasket/3010?t:ac=674"><span>Ajouter au panier</span></a><a id="addProductToShoppingList_35" onclick="javascript:Tapestry.waitForPage(event);" title="Ajouter à ma liste" class="bt-produit-ajout-liste" href="http://www.auchandirect.fr/rayon.productgridorlist.productlist_1.thumbnailproduct_0.addproducttoshoppinglist/3010?t:ac=674">Ajouter à ma liste</a></div><div class="infos-produit-1"><div class="prix-actuel"><span>1.37€</span></div></div><div class="infos-produit-2"><a title="Voir le produit" href="http://www.auchandirect.fr/epicerie-salée/conserves,-plats-cuisinés/légumes-pour-couscous/id1/479/3010"><h2>AUCHAN</h2><h4>Légumes pour couscous</h4><h4>Epicés</h4><p>
800 g
<br/>
1.71€/kg
</p></a></div><div class="mini_picto_bas"><!-- FIXME IDEM --><span class="com.atosworldline.ri.auchan.direct.front.tapestry.data.multimedia.Picture@532d26dc pictoListing txtImg">XXXXX</span><!-- FIXME IDEM --><span class="com.atosworldline.ri.auchan.direct.front.tapestry.data.multimedia.Picture@3952602d pictoListing txtImg">XXXXX</span></div></div></div></td><td><!-- PL : ici --><div class="bloc-produit produit-auchan"><div class="bloc-produit-content   "><a title="Voir le produit" href="http://www.auchandirect.fr/epicerie-salée/conserves,-plats-cuisinés/dés-de-bettraves-rouge/id1/479/37945"><img src="http://www.auchandirect.fr/static/images/products/line/37945.jpg" alt="" class="produit "/></a><div class="picto"><span class="invisible"></span></div><div class="boutons-produit"><a id="addProductToBasket_35" onclick="javascript:Tapestry.waitForPage(event);" title="Ajouter au panier" class="bt-produit-ajout-panier" href="http://www.auchandirect.fr/rayon.productgridorlist.productlist_1.thumbnailproduct_0.addproducttobasket/37945?t:ac=674"><span>Ajouter au panier</span></a><a id="addProductToShoppingList_36" onclick="javascript:Tapestry.waitForPage(event);" title="Ajouter à ma liste" class="bt-produit-ajout-liste" href="http://www.auchandirect.fr/rayon.productgridorlist.productlist_1.thumbnailproduct_0.addproducttoshoppinglist/37945?t:ac=674">Ajouter à ma liste</a></div><div class="infos-produit-1"><div class="prix-actuel"><span>0.75€</span></div></div><div class="infos-produit-2"><a title="Voir le produit" href="http://www.auchandirect.fr/epicerie-salée/conserves,-plats-cuisinés/dés-de-bettraves-rouge/id1/479/37945"><h2>AUCHAN</h2><h4>Dés de bettraves rouge</h4><h4></h4><p>
265 g
<br/>
2.83€/kg
</p></a></div><div class="mini_picto_bas"><!-- FIXME IDEM --><span class="com.atosworldline.ri.auchan.direct.front.tapestry.data.multimedia.Picture@4f2847c1 pictoListing txtImg">XXXXX</span><!-- FIXME IDEM --><span class="com.atosworldline.ri.auchan.direct.front.tapestry.data.multimedia.Picture@5d7ef880 pictoListing txtImg">XXXXX</span></div></div></div></td><td><!-- PL : ici --><div class="bloc-produit produit-auchan"><div class="bloc-produit-content   "><a title="Voir le produit" href="http://www.auchandirect.fr/epicerie-salée/conserves,-plats-cuisinés/pieds-et-morceaux-de-champignons/id1/479/51320"><img src="http://www.auchandirect.fr/static/images/products/line/51320.jpg" alt="" class="produit "/></a><div class="picto"><span class="invisible"></span></div><div class="boutons-produit"><a id="addProductToBasket_36" onclick="javascript:Tapestry.waitForPage(event);" title="Ajouter au panier" class="bt-produit-ajout-panier" href="http://www.auchandirect.fr/rayon.productgridorlist.productlist_1.thumbnailproduct_0.addproducttobasket/51320?t:ac=674"><span>Ajouter au panier</span></a><a id="addProductToShoppingList_37" onclick="javascript:Tapestry.waitForPage(event);" title="Ajouter à ma liste" class="bt-produit-ajout-liste" href="http://www.auchandirect.fr/rayon.productgridorlist.productlist_1.thumbnailproduct_0.addproducttoshoppinglist/51320?t:ac=674">Ajouter à ma liste</a></div><div class="infos-produit-1"><div class="prix-actuel"><span>2.53€</span></div></div><div class="infos-produit-2"><a title="Voir le produit" href="http://www.auchandirect.fr/epicerie-salée/conserves,-plats-cuisinés/pieds-et-morceaux-de-champignons/id1/479/51320"><h2>AUCHAN</h2><h4>Pieds et morceaux de champignons</h4><h4></h4><p>
3 x 115 g
<br/>
7.33€/kg
</p></a></div><div class="mini_picto_bas"><!-- FIXME IDEM --><span class="com.atosworldline.ri.auchan.direct.front.tapestry.data.multimedia.Picture@3aeccb74 pictoListing txtImg">XXXXX</span><!-- FIXME IDEM --><span class="com.atosworldline.ri.auchan.direct.front.tapestry.data.multimedia.Picture@10214ae5 pictoListing txtImg">XXXXX</span></div></div></div></td></tr><tr><td><!-- PL : ici --><div class="bloc-produit produit-auchan"><div class="bloc-produit-content   "><a title="Voir le produit" href="http://www.auchandirect.fr/epicerie-salée/conserves,-plats-cuisinés/champignons-1er-choix-entiers/id1/479/51322"><img src="http://www.auchandirect.fr/static/images/products/line/51322.jpg" alt="" class="produit "/></a><div class="picto"><span class="invisible"></span></div><div class="boutons-produit"><a id="addProductToBasket_37" onclick="javascript:Tapestry.waitForPage(event);" title="Ajouter au panier" class="bt-produit-ajout-panier" href="http://www.auchandirect.fr/rayon.productgridorlist.productlist_1.thumbnailproduct_0.addproducttobasket/51322?t:ac=674"><span>Ajouter au panier</span></a><a id="addProductToShoppingList_38" onclick="javascript:Tapestry.waitForPage(event);" title="Ajouter à ma liste" class="bt-produit-ajout-liste" href="http://www.auchandirect.fr/rayon.productgridorlist.productlist_1.thumbnailproduct_0.addproducttoshoppinglist/51322?t:ac=674">Ajouter à ma liste</a></div><div class="infos-produit-1"><div class="prix-actuel"><span>2.71€</span></div></div><div class="infos-produit-2"><a title="Voir le produit" href="http://www.auchandirect.fr/epicerie-salée/conserves,-plats-cuisinés/champignons-1er-choix-entiers/id1/479/51322"><h2>AUCHAN</h2><h4>Champignons 1er choix entiers</h4><h4></h4><p>
3 x 115 g
<br/>
7.86€/kg
</p></a></div><div class="mini_picto_bas"><!-- FIXME IDEM --><span class="com.atosworldline.ri.auchan.direct.front.tapestry.data.multimedia.Picture@79bc08a8 pictoListing txtImg">XXXXX</span><!-- FIXME IDEM --><span class="com.atosworldline.ri.auchan.direct.front.tapestry.data.multimedia.Picture@27dc8c08 pictoListing txtImg">XXXXX</span></div></div></div></td><td><!-- PL : ici --><div class="bloc-produit produit-auchan"><div class="bloc-produit-content   "><a title="Voir le produit" href="http://www.auchandirect.fr/epicerie-salée/conserves,-plats-cuisinés/pieds-et-morceaux-de-champignons/id1/479/51319"><img src="http://www.auchandirect.fr/static/images/products/line/51319.jpg" alt="" class="produit "/></a><div class="picto"><span class="invisible"></span></div><div class="boutons-produit"><a id="addProductToBasket_38" onclick="javascript:Tapestry.waitForPage(event);" title="Ajouter au panier" class="bt-produit-ajout-panier" href="http://www.auchandirect.fr/rayon.productgridorlist.productlist_1.thumbnailproduct_0.addproducttobasket/51319?t:ac=674"><span>Ajouter au panier</span></a><a id="addProductToShoppingList_39" onclick="javascript:Tapestry.waitForPage(event);" title="Ajouter à ma liste" class="bt-produit-ajout-liste" href="http://www.auchandirect.fr/rayon.productgridorlist.productlist_1.thumbnailproduct_0.addproducttoshoppinglist/51319?t:ac=674">Ajouter à ma liste</a></div><div class="infos-produit-1"><div class="prix-actuel"><span>1.44€</span></div></div><div class="infos-produit-2"><a title="Voir le produit" href="http://www.auchandirect.fr/epicerie-salée/conserves,-plats-cuisinés/pieds-et-morceaux-de-champignons/id1/479/51319"><h2>AUCHAN</h2><h4>Pieds et morceaux de champignons</h4><h4></h4><p>
230 g
<br/>
6.26€/kg
</p></a></div><div class="mini_picto_bas"><!-- FIXME IDEM --><span class="com.atosworldline.ri.auchan.direct.front.tapestry.data.multimedia.Picture@6d75aa pictoListing txtImg">XXXXX</span><!-- FIXME IDEM --><span class="com.atosworldline.ri.auchan.direct.front.tapestry.data.multimedia.Picture@1247ec1e pictoListing txtImg">XXXXX</span></div></div></div></td><td><!-- PL : ici --><div class="bloc-produit produit-auchan"><div class="bloc-produit-content   "><a title="Voir le produit" href="http://www.auchandirect.fr/epicerie-salée/conserves,-plats-cuisinés/champignons-de-paris-émincès/id1/479/61039"><img src="http://www.auchandirect.fr/static/images/products/line/61039.jpg" alt="" class="produit "/></a><div class="picto"><span class="invisible"></span></div><div class="boutons-produit"><a id="addProductToBasket_39" onclick="javascript:Tapestry.waitForPage(event);" title="Ajouter au panier" class="bt-produit-ajout-panier" href="http://www.auchandirect.fr/rayon.productgridorlist.productlist_1.thumbnailproduct_0.addproducttobasket/61039?t:ac=674"><span>Ajouter au panier</span></a><a id="addProductToShoppingList_40" onclick="javascript:Tapestry.waitForPage(event);" title="Ajouter à ma liste" class="bt-produit-ajout-liste" href="http://www.auchandirect.fr/rayon.productgridorlist.productlist_1.thumbnailproduct_0.addproducttoshoppinglist/61039?t:ac=674">Ajouter à ma liste</a></div><div class="infos-produit-1"><div class="prix-actuel"><span>1.48€</span></div></div><div class="infos-produit-2"><a title="Voir le produit" href="http://www.auchandirect.fr/epicerie-salée/conserves,-plats-cuisinés/champignons-de-paris-émincès/id1/479/61039"><h2>AUCHAN</h2><h4>Champignons de Paris émincès</h4><h4></h4><p>
230 g
<br/>
6.43€/kg
</p></a></div><div class="mini_picto_bas"><!-- FIXME IDEM --><span class="com.atosworldline.ri.auchan.direct.front.tapestry.data.multimedia.Picture@2fdeaef2 pictoListing txtImg">XXXXX</span><!-- FIXME IDEM --><span class="com.atosworldline.ri.auchan.direct.front.tapestry.data.multimedia.Picture@44afaa6b pictoListing txtImg">XXXXX</span></div></div></div></td></tr><tr><td><!-- PL : ici --><div class="bloc-produit produit-auchan"><div class="bloc-produit-content   "><a title="Voir le produit" href="http://www.auchandirect.fr/epicerie-salée/conserves,-plats-cuisinés/macédoine-de-légumes/id1/479/1159"><img src="http://www.auchandirect.fr/static/images/products/line/1159.jpg" alt="" class="produit "/></a><div class="picto"><span class="invisible"></span></div><div class="boutons-produit"><a id="addProductToBasket_40" onclick="javascript:Tapestry.waitForPage(event);" title="Ajouter au panier" class="bt-produit-ajout-panier" href="http://www.auchandirect.fr/rayon.productgridorlist.productlist_1.thumbnailproduct_0.addproducttobasket/1159?t:ac=674"><span>Ajouter au panier</span></a><a id="addProductToShoppingList_41" onclick="javascript:Tapestry.waitForPage(event);" title="Ajouter à ma liste" class="bt-produit-ajout-liste" href="http://www.auchandirect.fr/rayon.productgridorlist.productlist_1.thumbnailproduct_0.addproducttoshoppinglist/1159?t:ac=674">Ajouter à ma liste</a></div><div class="infos-produit-1"><div class="prix-actuel"><span>0.70€</span></div></div><div class="infos-produit-2"><a title="Voir le produit" href="http://www.auchandirect.fr/epicerie-salée/conserves,-plats-cuisinés/macédoine-de-légumes/id1/479/1159"><h2>AUCHAN</h2><h4>Macédoine de légumes</h4><h4></h4><p>
265 g
<br/>
2.64€/kg
</p></a></div><div class="mini_picto_bas"><!-- FIXME IDEM --><span class="com.atosworldline.ri.auchan.direct.front.tapestry.data.multimedia.Picture@68dd7a07 pictoListing txtImg">XXXXX</span><!-- FIXME IDEM --><span class="com.atosworldline.ri.auchan.direct.front.tapestry.data.multimedia.Picture@2476975a pictoListing txtImg">XXXXX</span></div></div></div></td><td><!-- PL : ici --><div class="bloc-produit produit-auchan"><div class="bloc-produit-content   "><a title="Voir le produit" href="http://www.auchandirect.fr/epicerie-salée/conserves,-plats-cuisinés/macédoine-de-légumes/id1/479/1230"><img src="http://www.auchandirect.fr/static/images/products/line/1230.jpg" alt="" class="produit "/></a><div class="picto"><span class="invisible"></span></div><div class="boutons-produit"><a id="addProductToBasket_41" onclick="javascript:Tapestry.waitForPage(event);" title="Ajouter au panier" class="bt-produit-ajout-panier" href="http://www.auchandirect.fr/rayon.productgridorlist.productlist_1.thumbnailproduct_0.addproducttobasket/1230?t:ac=674"><span>Ajouter au panier</span></a><a id="addProductToShoppingList_42" onclick="javascript:Tapestry.waitForPage(event);" title="Ajouter à ma liste" class="bt-produit-ajout-liste" href="http://www.auchandirect.fr/rayon.productgridorlist.productlist_1.thumbnailproduct_0.addproducttoshoppinglist/1230?t:ac=674">Ajouter à ma liste</a></div><div class="infos-produit-1"><div class="prix-actuel"><span>1.49€</span></div></div><div class="infos-produit-2"><a title="Voir le produit" href="http://www.auchandirect.fr/epicerie-salée/conserves,-plats-cuisinés/macédoine-de-légumes/id1/479/1230"><h2>AUCHAN</h2><h4>Macédoine de légumes</h4><h4></h4><p>
3 x 130 g
<br/>
3.82€/kg
</p></a></div><div class="mini_picto_bas"><!-- FIXME IDEM --><span class="com.atosworldline.ri.auchan.direct.front.tapestry.data.multimedia.Picture@65caa869 pictoListing txtImg">XXXXX</span><!-- FIXME IDEM --><span class="com.atosworldline.ri.auchan.direct.front.tapestry.data.multimedia.Picture@5bf6b9b4 pictoListing txtImg">XXXXX</span></div></div></div></td><td><!-- PL : ici --><div class="bloc-produit produit-auchan"><div class="bloc-produit-content   "><a title="Voir le produit" href="http://www.auchandirect.fr/epicerie-salée/conserves,-plats-cuisinés/macédoine-de-légumes/id1/479/1160"><img src="http://www.auchandirect.fr/static/images/products/line/1160.jpg" alt="" class="produit "/></a><div class="picto"><span class="invisible"></span></div><div class="boutons-produit"><a id="addProductToBasket_42" onclick="javascript:Tapestry.waitForPage(event);" title="Ajouter au panier" class="bt-produit-ajout-panier" href="http://www.auchandirect.fr/rayon.productgridorlist.productlist_1.thumbnailproduct_0.addproducttobasket/1160?t:ac=674"><span>Ajouter au panier</span></a><a id="addProductToShoppingList_43" onclick="javascript:Tapestry.waitForPage(event);" title="Ajouter à ma liste" class="bt-produit-ajout-liste" href="http://www.auchandirect.fr/rayon.productgridorlist.productlist_1.thumbnailproduct_0.addproducttoshoppinglist/1160?t:ac=674">Ajouter à ma liste</a></div><div class="infos-produit-1"><div class="prix-actuel"><span>1.14€</span></div></div><div class="infos-produit-2"><a title="Voir le produit" href="http://www.auchandirect.fr/epicerie-salée/conserves,-plats-cuisinés/macédoine-de-légumes/id1/479/1160"><h2>AUCHAN</h2><h4>Macédoine de légumes</h4><h4></h4><p>
530 g
<br/>
2.15€/kg
</p></a></div><div class="mini_picto_bas"><!-- FIXME IDEM --><span class="com.atosworldline.ri.auchan.direct.front.tapestry.data.multimedia.Picture@231a0797 pictoListing txtImg">XXXXX</span><!-- FIXME IDEM --><span class="com.atosworldline.ri.auchan.direct.front.tapestry.data.multimedia.Picture@1e85c82 pictoListing txtImg">XXXXX</span></div></div></div></td></tr><tr><td><!-- PL : ici --><div class="bloc-produit produit-auchan"><div class="bloc-produit-content   "><a title="Voir le produit" href="http://www.auchandirect.fr/epicerie-salée/conserves,-plats-cuisinés/asperges-blanches-moyennes/id1/479/40583"><img src="http://www.auchandirect.fr/static/images/products/line/40583.jpg" alt="" class="produit "/></a><div class="picto"><span class="invisible"></span></div><div class="boutons-produit"><a id="addProductToBasket_43" onclick="javascript:Tapestry.waitForPage(event);" title="Ajouter au panier" class="bt-produit-ajout-panier" href="http://www.auchandirect.fr/rayon.productgridorlist.productlist_1.thumbnailproduct_0.addproducttobasket/40583?t:ac=674"><span>Ajouter au panier</span></a><a id="addProductToShoppingList_44" onclick="javascript:Tapestry.waitForPage(event);" title="Ajouter à ma liste" class="bt-produit-ajout-liste" href="http://www.auchandirect.fr/rayon.productgridorlist.productlist_1.thumbnailproduct_0.addproducttoshoppinglist/40583?t:ac=674">Ajouter à ma liste</a></div><div class="infos-produit-1"><div class="prix-actuel"><span>3.20€</span></div></div><div class="infos-produit-2"><a title="Voir le produit" href="http://www.auchandirect.fr/epicerie-salée/conserves,-plats-cuisinés/asperges-blanches-moyennes/id1/479/40583"><h2>AUCHAN</h2><h4>Asperges blanches moyennes</h4><h4></h4><p>
58 cl
<br/>
6.04€/kg
</p></a></div><div class="mini_picto_bas"><!-- FIXME IDEM --><span class="com.atosworldline.ri.auchan.direct.front.tapestry.data.multimedia.Picture@3e115bc8 pictoListing txtImg">XXXXX</span><!-- FIXME IDEM --><span class="com.atosworldline.ri.auchan.direct.front.tapestry.data.multimedia.Picture@65a0c74d pictoListing txtImg">XXXXX</span></div></div></div></td><td><!-- PL : ici --><div class="bloc-produit produit-auchan"><div class="bloc-produit-content   "><a title="Voir le produit" href="http://www.auchandirect.fr/epicerie-salée/conserves,-plats-cuisinés/asperges-blanches-moyennes/id1/479/41863"><img src="http://www.auchandirect.fr/static/images/products/line/41863.jpg" alt="" class="produit "/></a><div class="picto"><span class="invisible"></span></div><div class="boutons-produit"><a id="addProductToBasket_44" onclick="javascript:Tapestry.waitForPage(event);" title="Ajouter au panier" class="bt-produit-ajout-panier" href="http://www.auchandirect.fr/rayon.productgridorlist.productlist_1.thumbnailproduct_0.addproducttobasket/41863?t:ac=674"><span>Ajouter au panier</span></a><a id="addProductToShoppingList_45" onclick="javascript:Tapestry.waitForPage(event);" title="Ajouter à ma liste" class="bt-produit-ajout-liste" href="http://www.auchandirect.fr/rayon.productgridorlist.productlist_1.thumbnailproduct_0.addproducttoshoppinglist/41863?t:ac=674">Ajouter à ma liste</a></div><div class="infos-produit-1"><div class="prix-actuel"><span>2.23€</span></div></div><div class="infos-produit-2"><a title="Voir le produit" href="http://www.auchandirect.fr/epicerie-salée/conserves,-plats-cuisinés/asperges-blanches-moyennes/id1/479/41863"><h2>AUCHAN</h2><h4>Asperges blanches moyennes</h4><h4></h4><p>
330 g
<br/>
6.76€/kg
</p></a></div><div class="mini_picto_bas"><!-- FIXME IDEM --><span class="com.atosworldline.ri.auchan.direct.front.tapestry.data.multimedia.Picture@1e7cc45b pictoListing txtImg">XXXXX</span><!-- FIXME IDEM --><span class="com.atosworldline.ri.auchan.direct.front.tapestry.data.multimedia.Picture@113f4200 pictoListing txtImg">XXXXX</span></div></div></div></td><td><!-- PL : ici --><div class="bloc-produit produit-auchan bientot-dispo"><div class="bloc-produit-content   "><a title="Voir le produit" href="http://www.auchandirect.fr/epicerie-salée/conserves,-plats-cuisinés/germes-de-soja/id1/479/1267"><img src="http://www.auchandirect.fr/static/images/products/line/1267.jpg" alt="" class="produit "/></a><div class="picto"><span class="invisible"></span></div><div class="boutons-produit"><a class="bt-produit-ajout-panier disable" title="Bientôt disponible" href="javascript:void(0)"><span>Bientôt disponible</span></a><a id="addProductToShoppingList_46" onclick="javascript:Tapestry.waitForPage(event);" title="Ajouter à ma liste" class="bt-produit-ajout-liste" href="http://www.auchandirect.fr/rayon.productgridorlist.productlist_1.thumbnailproduct_0.addproducttoshoppinglist/1267?t:ac=674">Ajouter à ma liste</a></div><div class="infos-produit-1"><div class="prix-actuel"><span>0.87€</span></div></div><div class="infos-produit-2"><a title="Voir le produit" href="http://www.auchandirect.fr/epicerie-salée/conserves,-plats-cuisinés/germes-de-soja/id1/479/1267"><h2>AUCHAN</h2><h4>Germes de soja</h4><h4></h4><p>
175 g
<br/>
4.97€/kg
</p></a></div><div class="mini_picto_bas"><!-- FIXME IDEM --><span class="com.atosworldline.ri.auchan.direct.front.tapestry.data.multimedia.Picture@500616d8 pictoListing txtImg">XXXXX</span><!-- FIXME IDEM --><span class="com.atosworldline.ri.auchan.direct.front.tapestry.data.multimedia.Picture@3fc5e7f3 pictoListing txtImg">XXXXX</span></div></div></div></td></tr><tr><td><!-- PL : ici --><div class="bloc-produit produit-auchan"><div class="bloc-produit-content   "><a title="Voir le produit" href="http://www.auchandirect.fr/epicerie-salée/conserves,-plats-cuisinés/germes-de-soja/id1/479/3000"><img src="http://www.auchandirect.fr/static/images/products/line/3000.jpg" alt="" class="produit "/></a><div class="picto"><span class="invisible"></span></div><div class="boutons-produit"><a id="addProductToBasket_45" onclick="javascript:Tapestry.waitForPage(event);" title="Ajouter au panier" class="bt-produit-ajout-panier" href="http://www.auchandirect.fr/rayon.productgridorlist.productlist_1.thumbnailproduct_0.addproducttobasket/3000?t:ac=674"><span>Ajouter au panier</span></a><a id="addProductToShoppingList_47" onclick="javascript:Tapestry.waitForPage(event);" title="Ajouter à ma liste" class="bt-produit-ajout-liste" href="http://www.auchandirect.fr/rayon.productgridorlist.productlist_1.thumbnailproduct_0.addproducttoshoppinglist/3000?t:ac=674">Ajouter à ma liste</a></div><div class="infos-produit-1"><div class="prix-actuel"><span>0.79€</span></div></div><div class="infos-produit-2"><a title="Voir le produit" href="http://www.auchandirect.fr/epicerie-salée/conserves,-plats-cuisinés/germes-de-soja/id1/479/3000"><h2>AUCHAN</h2><h4>Germes de soja</h4><h4>Haricot mungo</h4><p>
180 g
<br/>
4.39€/kg
</p></a></div><div class="mini_picto_bas"><!-- FIXME IDEM --><span class="com.atosworldline.ri.auchan.direct.front.tapestry.data.multimedia.Picture@59ff233a pictoListing txtImg">XXXXX</span><!-- FIXME IDEM --><span class="com.atosworldline.ri.auchan.direct.front.tapestry.data.multimedia.Picture@7d61e2fe pictoListing txtImg">XXXXX</span></div></div></div></td><td><!-- PL : ici --><div class="bloc-produit produit-auchan"><div class="bloc-produit-content   "><a title="Voir le produit" href="http://www.auchandirect.fr/epicerie-salée/conserves,-plats-cuisinés/germes-de-soja/id1/479/40631"><img src="http://www.auchandirect.fr/static/images/products/line/40631.jpg" alt="" class="produit "/></a><div class="picto"><span class="invisible"></span></div><div class="boutons-produit"><a id="addProductToBasket_46" onclick="javascript:Tapestry.waitForPage(event);" title="Ajouter au panier" class="bt-produit-ajout-panier" href="http://www.auchandirect.fr/rayon.productgridorlist.productlist_1.thumbnailproduct_0.addproducttobasket/40631?t:ac=674"><span>Ajouter au panier</span></a><a id="addProductToShoppingList_48" onclick="javascript:Tapestry.waitForPage(event);" title="Ajouter à ma liste" class="bt-produit-ajout-liste" href="http://www.auchandirect.fr/rayon.productgridorlist.productlist_1.thumbnailproduct_0.addproducttoshoppinglist/40631?t:ac=674">Ajouter à ma liste</a></div><div class="infos-produit-1"><div class="prix-actuel"><span>1.75€</span></div></div><div class="infos-produit-2"><a title="Voir le produit" href="http://www.auchandirect.fr/epicerie-salée/conserves,-plats-cuisinés/germes-de-soja/id1/479/40631"><h2>AUCHAN</h2><h4>Germes de soja</h4><h4></h4><p>
3 x 90 g
<br/>
6.48€/kg
</p></a></div><div class="mini_picto_bas"><!-- FIXME IDEM --><span class="com.atosworldline.ri.auchan.direct.front.tapestry.data.multimedia.Picture@257dd201 pictoListing txtImg">XXXXX</span><!-- FIXME IDEM --><span class="com.atosworldline.ri.auchan.direct.front.tapestry.data.multimedia.Picture@676652e1 pictoListing txtImg">XXXXX</span></div></div></div></td><td><!-- PL : ici --><div class="bloc-produit produit-auchan"><div class="bloc-produit-content   "><a title="Voir le produit" href="http://www.auchandirect.fr/epicerie-salée/conserves,-plats-cuisinés/asperges-blanches/id1/479/41216"><img src="http://www.auchandirect.fr/static/images/products/line/41216.jpg" alt="" class="produit "/></a><div class="picto"><span class="invisible"></span></div><div class="boutons-produit"><a id="addProductToBasket_47" onclick="javascript:Tapestry.waitForPage(event);" title="Ajouter au panier" class="bt-produit-ajout-panier" href="http://www.auchandirect.fr/rayon.productgridorlist.productlist_1.thumbnailproduct_0.addproducttobasket/41216?t:ac=674"><span>Ajouter au panier</span></a><a id="addProductToShoppingList_49" onclick="javascript:Tapestry.waitForPage(event);" title="Ajouter à ma liste" class="bt-produit-ajout-liste" href="http://www.auchandirect.fr/rayon.productgridorlist.productlist_1.thumbnailproduct_0.addproducttoshoppinglist/41216?t:ac=674">Ajouter à ma liste</a></div><div class="infos-produit-1"><div class="prix-actuel"><span>4.11€</span></div></div><div class="infos-produit-2"><a title="Voir le produit" href="http://www.auchandirect.fr/epicerie-salée/conserves,-plats-cuisinés/asperges-blanches/id1/479/41216"><h2>AUCHAN</h2><h4>Asperges blanches</h4><h4>Pic Nic</h4><p>
3 x 21 cl
<br/>
6.52€/l
</p></a></div><div class="mini_picto_bas"></div></div></div></td></tr><tr><td><!-- PL : ici --><div class="bloc-produit produit-auchan"><div class="bloc-produit-content   "><a title="Voir le produit" href="http://www.auchandirect.fr/epicerie-salée/conserves,-plats-cuisinés/coeurs-d'artichauts/id1/479/42389"><img src="http://www.auchandirect.fr/static/images/products/line/42389.jpg" alt="" class="produit "/></a><div class="picto"><span class="invisible"></span></div><div class="boutons-produit"><a id="addProductToBasket_48" onclick="javascript:Tapestry.waitForPage(event);" title="Ajouter au panier" class="bt-produit-ajout-panier" href="http://www.auchandirect.fr/rayon.productgridorlist.productlist_1.thumbnailproduct_0.addproducttobasket/42389?t:ac=674"><span>Ajouter au panier</span></a><a id="addProductToShoppingList_50" onclick="javascript:Tapestry.waitForPage(event);" title="Ajouter à ma liste" class="bt-produit-ajout-liste" href="http://www.auchandirect.fr/rayon.productgridorlist.productlist_1.thumbnailproduct_0.addproducttoshoppinglist/42389?t:ac=674">Ajouter à ma liste</a></div><div class="infos-produit-1"><div class="prix-actuel"><span>2.60€</span></div></div><div class="infos-produit-2"><a title="Voir le produit" href="http://www.auchandirect.fr/epicerie-salée/conserves,-plats-cuisinés/coeurs-d'artichauts/id1/479/42389"><h2>AUCHAN</h2><h4>Coeurs d'artichauts</h4><h4></h4><p>
240 g
<br/>
10.83€/kg
</p></a></div><div class="mini_picto_bas"><!-- FIXME IDEM --><span class="com.atosworldline.ri.auchan.direct.front.tapestry.data.multimedia.Picture@6ecb66cf pictoListing txtImg">XXXXX</span><!-- FIXME IDEM --><span class="com.atosworldline.ri.auchan.direct.front.tapestry.data.multimedia.Picture@6bcad8dc pictoListing txtImg">XXXXX</span></div></div></div></td><td><!-- PL : ici --><div class="bloc-produit produit-auchan"><div class="bloc-produit-content   "><a title="Voir le produit" href="http://www.auchandirect.fr/epicerie-salée/conserves,-plats-cuisinés/coeur-de-palmier-sauvage/id1/479/52234"><img src="http://www.auchandirect.fr/static/images/products/line/52234.jpg" alt="" class="produit "/></a><div class="picto"><span class="invisible"></span></div><div class="boutons-produit"><a id="addProductToBasket_49" onclick="javascript:Tapestry.waitForPage(event);" title="Ajouter au panier" class="bt-produit-ajout-panier" href="http://www.auchandirect.fr/rayon.productgridorlist.productlist_1.thumbnailproduct_0.addproducttobasket/52234?t:ac=674"><span>Ajouter au panier</span></a><a id="addProductToShoppingList_51" onclick="javascript:Tapestry.waitForPage(event);" title="Ajouter à ma liste" class="bt-produit-ajout-liste" href="http://www.auchandirect.fr/rayon.productgridorlist.productlist_1.thumbnailproduct_0.addproducttoshoppinglist/52234?t:ac=674">Ajouter à ma liste</a></div><div class="infos-produit-1"><div class="prix-actuel"><span>2.85€</span></div></div><div class="infos-produit-2"><a title="Voir le produit" href="http://www.auchandirect.fr/epicerie-salée/conserves,-plats-cuisinés/coeur-de-palmier-sauvage/id1/479/52234"><h2>AUCHAN</h2><h4>Coeur de palmier sauvage</h4><h4></h4><p>
220 g
<br/>
12.95€/kg
</p></a></div><div class="mini_picto_bas"><!-- FIXME IDEM --><span class="com.atosworldline.ri.auchan.direct.front.tapestry.data.multimedia.Picture@52638acd pictoListing txtImg">XXXXX</span><!-- FIXME IDEM --><span class="com.atosworldline.ri.auchan.direct.front.tapestry.data.multimedia.Picture@52dc2fd pictoListing txtImg">XXXXX</span></div></div></div></td><td><!-- PL : ici --><div class="bloc-produit produit-auchan"><div class="bloc-produit-content   "><a title="Voir le produit" href="http://www.auchandirect.fr/epicerie-salée/conserves,-plats-cuisinés/coeurs-d'artichauts/id1/479/56390"><img src="http://www.auchandirect.fr/static/images/products/line/56390.jpg" alt="" class="produit "/></a><div class="picto"><span class="invisible"></span></div><div class="boutons-produit"><a id="addProductToBasket_50" onclick="javascript:Tapestry.waitForPage(event);" title="Ajouter au panier" class="bt-produit-ajout-panier" href="http://www.auchandirect.fr/rayon.productgridorlist.productlist_1.thumbnailproduct_0.addproducttobasket/56390?t:ac=674"><span>Ajouter au panier</span></a><a id="addProductToShoppingList_52" onclick="javascript:Tapestry.waitForPage(event);" title="Ajouter à ma liste" class="bt-produit-ajout-liste" href="http://www.auchandirect.fr/rayon.productgridorlist.productlist_1.thumbnailproduct_0.addproducttoshoppinglist/56390?t:ac=674">Ajouter à ma liste</a></div><div class="infos-produit-1"><div class="prix-actuel"><span>2.49€</span></div></div><div class="infos-produit-2"><a title="Voir le produit" href="http://www.auchandirect.fr/epicerie-salée/conserves,-plats-cuisinés/coeurs-d'artichauts/id1/479/56390"><h2>AUCHAN</h2><h4>Coeurs d'artichauts</h4><h4></h4><p>
240 g
<br/>
10.38€/kg
</p></a></div><div class="mini_picto_bas"></div></div></div></td></tr><tr><td><!-- PL : ici --><div class="bloc-produit produit-auchan"><div class="bloc-produit-content   "><a title="Voir le produit" href="http://www.auchandirect.fr/epicerie-salée/conserves,-plats-cuisinés/fonds-d'artichauts/id1/479/74808"><img src="http://www.auchandirect.fr/static/images/products/line/74808.jpg" alt="" class="produit "/></a><div class="picto"><span class="invisible"></span></div><div class="boutons-produit"><a id="addProductToBasket_51" onclick="javascript:Tapestry.waitForPage(event);" title="Ajouter au panier" class="bt-produit-ajout-panier" href="http://www.auchandirect.fr/rayon.productgridorlist.productlist_1.thumbnailproduct_0.addproducttobasket/74808?t:ac=674"><span>Ajouter au panier</span></a><a id="addProductToShoppingList_53" onclick="javascript:Tapestry.waitForPage(event);" title="Ajouter à ma liste" class="bt-produit-ajout-liste" href="http://www.auchandirect.fr/rayon.productgridorlist.productlist_1.thumbnailproduct_0.addproducttoshoppinglist/74808?t:ac=674">Ajouter à ma liste</a></div><div class="infos-produit-1"><div class="prix-actuel"><span>2.69€</span></div></div><div class="infos-produit-2"><a title="Voir le produit" href="http://www.auchandirect.fr/epicerie-salée/conserves,-plats-cuisinés/fonds-d'artichauts/id1/479/74808"><h2>AUCHAN</h2><h4>Fonds d'artichauts</h4><h4></h4><p>
210 g
<br/>
12.81€/kg
</p></a></div><div class="mini_picto_bas"></div></div></div></td><td><!-- PL : ici --><div class="bloc-produit produit-auchan"><div class="bloc-produit-content   "><a title="Voir le produit" href="http://www.auchandirect.fr/bio-ecolo/epicerie-bio/haricots-verts/id1/458/78527"><img src="http://www.auchandirect.fr/static/images/products/line/78527.jpg" alt="" class="produit "/></a><div class="picto"><span class="invisible"></span></div><div class="boutons-produit"><a id="addProductToBasket_52" onclick="javascript:Tapestry.waitForPage(event);" title="Ajouter au panier" class="bt-produit-ajout-panier" href="http://www.auchandirect.fr/rayon.productgridorlist.productlist_1.thumbnailproduct_0.addproducttobasket/78527?t:ac=674"><span>Ajouter au panier</span></a><a id="addProductToShoppingList_54" onclick="javascript:Tapestry.waitForPage(event);" title="Ajouter à ma liste" class="bt-produit-ajout-liste" href="http://www.auchandirect.fr/rayon.productgridorlist.productlist_1.thumbnailproduct_0.addproducttoshoppinglist/78527?t:ac=674">Ajouter à ma liste</a></div><div class="infos-produit-1"><div class="prix-actuel"><span>0.99€</span></div></div><div class="infos-produit-2"><a title="Voir le produit" href="http://www.auchandirect.fr/bio-ecolo/epicerie-bio/haricots-verts/id1/458/78527"><h2>AUCHAN BIO</h2><h4>Haricots verts</h4><h4></h4><p>
220 g
<br/>
4.50€/kg
</p></a></div><div class="mini_picto_bas"><!-- FIXME IDEM --><span class="com.atosworldline.ri.auchan.direct.front.tapestry.data.multimedia.Picture@6991051d pictoListing txtImg">XXXXX</span></div></div></div></td><td><!-- PL : ici --><div class="bloc-produit produit-auchan"><div class="bloc-produit-content   "><a title="Voir le produit" href="http://www.auchandirect.fr/bio-ecolo/epicerie-bio/petits-pois-extra-fins/id1/458/61444"><img src="http://www.auchandirect.fr/static/images/products/line/61444.jpg" alt="" class="produit "/></a><div class="picto"><span class="invisible"></span></div><div class="boutons-produit"><a id="addProductToBasket_53" onclick="javascript:Tapestry.waitForPage(event);" title="Ajouter au panier" class="bt-produit-ajout-panier" href="http://www.auchandirect.fr/rayon.productgridorlist.productlist_1.thumbnailproduct_0.addproducttobasket/61444?t:ac=674"><span>Ajouter au panier</span></a><a id="addProductToShoppingList_55" onclick="javascript:Tapestry.waitForPage(event);" title="Ajouter à ma liste" class="bt-produit-ajout-liste" href="http://www.auchandirect.fr/rayon.productgridorlist.productlist_1.thumbnailproduct_0.addproducttoshoppinglist/61444?t:ac=674">Ajouter à ma liste</a></div><div class="infos-produit-1"><div class="prix-actuel"><span>1.15€</span></div></div><div class="infos-produit-2"><a title="Voir le produit" href="http://www.auchandirect.fr/bio-ecolo/epicerie-bio/petits-pois-extra-fins/id1/458/61444"><h2>AUCHAN BIO</h2><h4>Petits pois extra fins</h4><h4></h4><p>
200 g
<br/>
4.11€/kg
</p></a></div><div class="mini_picto_bas"></div></div></div></td></tr><tr><td><!-- PL : ici --><div class="bloc-produit produit-auchan"><div class="bloc-produit-content   "><a title="Voir le produit" href="http://www.auchandirect.fr/bio-ecolo/epicerie-bio/aubergines-à-la-provencale/id1/458/78567"><img src="http://www.auchandirect.fr/static/images/products/line/78567.jpg" alt="" class="produit "/></a><div class="picto"><span class="invisible"></span></div><div class="boutons-produit"><a id="addProductToBasket_54" onclick="javascript:Tapestry.waitForPage(event);" title="Ajouter au panier" class="bt-produit-ajout-panier" href="http://www.auchandirect.fr/rayon.productgridorlist.productlist_1.thumbnailproduct_0.addproducttobasket/78567?t:ac=674"><span>Ajouter au panier</span></a><a id="addProductToShoppingList_56" onclick="javascript:Tapestry.waitForPage(event);" title="Ajouter à ma liste" class="bt-produit-ajout-liste" href="http://www.auchandirect.fr/rayon.productgridorlist.productlist_1.thumbnailproduct_0.addproducttoshoppinglist/78567?t:ac=674">Ajouter à ma liste</a></div><div class="infos-produit-1"><div class="prix-actuel"><span>2.83€</span></div></div><div class="infos-produit-2"><a title="Voir le produit" href="http://www.auchandirect.fr/bio-ecolo/epicerie-bio/aubergines-à-la-provencale/id1/458/78567"><h2>AUCHAN BIO</h2><h4>Aubergines à la provencale</h4><h4></h4><p>
400 g
<br/>
7.08€/kg
</p></a></div><div class="mini_picto_bas"><!-- FIXME IDEM --><span class="com.atosworldline.ri.auchan.direct.front.tapestry.data.multimedia.Picture@2fe6e910 pictoListing txtImg">XXXXX</span></div></div></div></td><td><!-- PL : ici --><div class="bloc-produit produit-auchan"><div class="bloc-produit-content   "><a title="Voir le produit" href="http://www.auchandirect.fr/bio-ecolo/epicerie-bio/ratatouille/id1/458/35648"><img src="http://www.auchandirect.fr/static/images/products/line/35648.jpg" alt="" class="produit "/></a><div class="picto"><span class="invisible"></span></div><div class="boutons-produit"><a id="addProductToBasket_55" onclick="javascript:Tapestry.waitForPage(event);" title="Ajouter au panier" class="bt-produit-ajout-panier" href="http://www.auchandirect.fr/rayon.productgridorlist.productlist_1.thumbnailproduct_0.addproducttobasket/35648?t:ac=674"><span>Ajouter au panier</span></a><a id="addProductToShoppingList_57" onclick="javascript:Tapestry.waitForPage(event);" title="Ajouter à ma liste" class="bt-produit-ajout-liste" href="http://www.auchandirect.fr/rayon.productgridorlist.productlist_1.thumbnailproduct_0.addproducttoshoppinglist/35648?t:ac=674">Ajouter à ma liste</a></div><div class="infos-produit-1"><div class="prix-actuel"><span>2.97€</span></div></div><div class="infos-produit-2"><a title="Voir le produit" href="http://www.auchandirect.fr/bio-ecolo/epicerie-bio/ratatouille/id1/458/35648"><h2>AUCHAN BIO</h2><h4>Ratatouille</h4><h4></h4><p>
650 g
<br/>
4.57€/kg
</p></a></div><div class="mini_picto_bas"><!-- FIXME IDEM --><span class="com.atosworldline.ri.auchan.direct.front.tapestry.data.multimedia.Picture@42dc114e pictoListing txtImg">XXXXX</span><!-- FIXME IDEM --><span class="com.atosworldline.ri.auchan.direct.front.tapestry.data.multimedia.Picture@7df43a2c pictoListing txtImg">XXXXX</span><!-- FIXME IDEM --><span class="com.atosworldline.ri.auchan.direct.front.tapestry.data.multimedia.Picture@2d175f4e pictoListing txtImg">XXXXX</span></div></div></div></td><td><!-- PL : ici --><div class="bloc-produit produit-auchan"><div class="bloc-produit-content   "><a title="Voir le produit" href="http://www.auchandirect.fr/bio-ecolo/epicerie-bio/chair-de-tomate/id1/458/35649"><img src="http://www.auchandirect.fr/static/images/products/line/35649.jpg" alt="" class="produit "/></a><div class="picto"><span class="invisible"></span></div><div class="boutons-produit"><a id="addProductToBasket_56" onclick="javascript:Tapestry.waitForPage(event);" title="Ajouter au panier" class="bt-produit-ajout-panier" href="http://www.auchandirect.fr/rayon.productgridorlist.productlist_1.thumbnailproduct_0.addproducttobasket/35649?t:ac=674"><span>Ajouter au panier</span></a><a id="addProductToShoppingList_58" onclick="javascript:Tapestry.waitForPage(event);" title="Ajouter à ma liste" class="bt-produit-ajout-liste" href="http://www.auchandirect.fr/rayon.productgridorlist.productlist_1.thumbnailproduct_0.addproducttoshoppinglist/35649?t:ac=674">Ajouter à ma liste</a></div><div class="infos-produit-1"><div class="prix-actuel"><span>1.47€</span></div></div><div class="infos-produit-2"><a title="Voir le produit" href="http://www.auchandirect.fr/bio-ecolo/epicerie-bio/chair-de-tomate/id1/458/35649"><h2>AUCHAN BIO</h2><h4>Chair de tomate</h4><h4></h4><p>
400 g
<br/>
3.68€/kg
</p></a></div><div class="mini_picto_bas"><!-- FIXME IDEM --><span class="com.atosworldline.ri.auchan.direct.front.tapestry.data.multimedia.Picture@59721102 pictoListing txtImg">XXXXX</span><!-- FIXME IDEM --><span class="com.atosworldline.ri.auchan.direct.front.tapestry.data.multimedia.Picture@4fbac82e pictoListing txtImg">XXXXX</span><!-- FIXME IDEM --><span class="com.atosworldline.ri.auchan.direct.front.tapestry.data.multimedia.Picture@6fac6ce6 pictoListing txtImg">XXXXX</span></div></div></div></td></tr><tr><td><!-- PL : ici --><div class="bloc-produit produit-auchan bientot-dispo"><div class="bloc-produit-content   "><a title="Voir le produit" href="http://www.auchandirect.fr/bio-ecolo/epicerie-bio/courgettes-à-la-provencale/id1/458/78392"><img src="http://www.auchandirect.fr/static/images/products/line/78392.jpg" alt="" class="produit "/></a><div class="picto"><span class="invisible"></span></div><div class="boutons-produit"><a class="bt-produit-ajout-panier disable" title="Bientôt disponible" href="javascript:void(0)"><span>Bientôt disponible</span></a><a id="addProductToShoppingList_59" onclick="javascript:Tapestry.waitForPage(event);" title="Ajouter à ma liste" class="bt-produit-ajout-liste" href="http://www.auchandirect.fr/rayon.productgridorlist.productlist_1.thumbnailproduct_0.addproducttoshoppinglist/78392?t:ac=674">Ajouter à ma liste</a></div><div class="infos-produit-1"><div class="prix-actuel"><span>2.94€</span></div></div><div class="infos-produit-2"><a title="Voir le produit" href="http://www.auchandirect.fr/bio-ecolo/epicerie-bio/courgettes-à-la-provencale/id1/458/78392"><h2>AUCHAN BIO</h2><h4>Courgettes à la provencale</h4><h4></h4><p>
400 g
<br/>
7.35€/kg
</p></a></div><div class="mini_picto_bas"><!-- FIXME IDEM --><span class="com.atosworldline.ri.auchan.direct.front.tapestry.data.multimedia.Picture@2121a951 pictoListing txtImg">XXXXX</span></div></div></div></td><td><!-- PL : ici --><div class="bloc-produit produit-auchan"><div class="bloc-produit-content   "><a title="Voir le produit" href="http://www.auchandirect.fr/bio-ecolo/epicerie-bio/maïs-doux/id1/458/77124"><img src="http://www.auchandirect.fr/static/images/products/line/77124.jpg" alt="" class="produit "/></a><div class="picto"><span class="invisible"></span></div><div class="boutons-produit"><a id="addProductToBasket_57" onclick="javascript:Tapestry.waitForPage(event);" title="Ajouter au panier" class="bt-produit-ajout-panier" href="http://www.auchandirect.fr/rayon.productgridorlist.productlist_1.thumbnailproduct_0.addproducttobasket/77124?t:ac=674"><span>Ajouter au panier</span></a><a id="addProductToShoppingList_60" onclick="javascript:Tapestry.waitForPage(event);" title="Ajouter à ma liste" class="bt-produit-ajout-liste" href="http://www.auchandirect.fr/rayon.productgridorlist.productlist_1.thumbnailproduct_0.addproducttoshoppinglist/77124?t:ac=674">Ajouter à ma liste</a></div><div class="infos-produit-1"><div class="prix-actuel"><span>1.13€</span></div></div><div class="infos-produit-2"><a title="Voir le produit" href="http://www.auchandirect.fr/bio-ecolo/epicerie-bio/maïs-doux/id1/458/77124"><h2>AUCHAN BIO</h2><h4>Maïs doux</h4><h4></h4><p>
285 g
<br/>
3.96€/kg
</p></a></div><div class="mini_picto_bas"><!-- FIXME IDEM --><span class="com.atosworldline.ri.auchan.direct.front.tapestry.data.multimedia.Picture@28f315d5 pictoListing txtImg">XXXXX</span></div></div></div></td><td><!-- PL : ici --><div class="bloc-produit produit-auchan"><div class="bloc-produit-content   "><a title="Voir le produit" href="http://www.auchandirect.fr/bio-ecolo/epicerie-bio/macédoine-de-légumes/id1/458/60400"><img src="http://www.auchandirect.fr/static/images/products/line/60400.jpg" alt="" class="produit "/></a><div class="picto"><span class="invisible"></span></div><div class="boutons-produit"><a id="addProductToBasket_58" onclick="javascript:Tapestry.waitForPage(event);" title="Ajouter au panier" class="bt-produit-ajout-panier" href="http://www.auchandirect.fr/rayon.productgridorlist.productlist_1.thumbnailproduct_0.addproducttobasket/60400?t:ac=674"><span>Ajouter au panier</span></a><a id="addProductToShoppingList_61" onclick="javascript:Tapestry.waitForPage(event);" title="Ajouter à ma liste" class="bt-produit-ajout-liste" href="http://www.auchandirect.fr/rayon.productgridorlist.productlist_1.thumbnailproduct_0.addproducttoshoppinglist/60400?t:ac=674">Ajouter à ma liste</a></div><div class="infos-produit-1"><div class="prix-actuel"><span>2.36€</span></div></div><div class="infos-produit-2"><a title="Voir le produit" href="http://www.auchandirect.fr/bio-ecolo/epicerie-bio/macédoine-de-légumes/id1/458/60400"><h2>AUCHAN BIO</h2><h4>Macédoine de légumes</h4><h4></h4><p>
265 g
<br/>
8.91€/kg
</p></a></div><div class="mini_picto_bas"><!-- FIXME IDEM --><span class="com.atosworldline.ri.auchan.direct.front.tapestry.data.multimedia.Picture@6f1e67f3 pictoListing txtImg">XXXXX</span><!-- FIXME IDEM --><span class="com.atosworldline.ri.auchan.direct.front.tapestry.data.multimedia.Picture@353abb83 pictoListing txtImg">XXXXX</span><!-- FIXME IDEM --><span class="com.atosworldline.ri.auchan.direct.front.tapestry.data.multimedia.Picture@22ecb0c2 pictoListing txtImg">XXXXX</span></div></div></div></td></tr><tr><td><!-- PL : ici --><div class="bloc-produit produit-auchan"><div class="bloc-produit-content   "><a title="Voir le produit" href="http://www.auchandirect.fr/bio-ecolo/epicerie-bio/coeur-de-palmier/id1/458/35542"><img src="http://www.auchandirect.fr/static/images/products/line/35542.jpg" alt="" class="produit "/></a><div class="picto"><span class="invisible"></span></div><div class="boutons-produit"><a id="addProductToBasket_59" onclick="javascript:Tapestry.waitForPage(event);" title="Ajouter au panier" class="bt-produit-ajout-panier" href="http://www.auchandirect.fr/rayon.productgridorlist.productlist_1.thumbnailproduct_0.addproducttobasket/35542?t:ac=674"><span>Ajouter au panier</span></a><a id="addProductToShoppingList_62" onclick="javascript:Tapestry.waitForPage(event);" title="Ajouter à ma liste" class="bt-produit-ajout-liste" href="http://www.auchandirect.fr/rayon.productgridorlist.productlist_1.thumbnailproduct_0.addproducttoshoppinglist/35542?t:ac=674">Ajouter à ma liste</a></div><div class="infos-produit-1"><div class="prix-actuel"><span>3.42€</span></div></div><div class="infos-produit-2"><a title="Voir le produit" href="http://www.auchandirect.fr/bio-ecolo/epicerie-bio/coeur-de-palmier/id1/458/35542"><h2>AUCHAN BIO</h2><h4>Coeur de palmier</h4><h4></h4><p>
250 g
<br/>
13.68€/kg
</p></a></div><div class="mini_picto_bas"><!-- FIXME IDEM --><span class="com.atosworldline.ri.auchan.direct.front.tapestry.data.multimedia.Picture@67a26486 pictoListing txtImg">XXXXX</span><!-- FIXME IDEM --><span class="com.atosworldline.ri.auchan.direct.front.tapestry.data.multimedia.Picture@5675ce91 pictoListing txtImg">XXXXX</span><!-- FIXME IDEM --><span class="com.atosworldline.ri.auchan.direct.front.tapestry.data.multimedia.Picture@504cbdef pictoListing txtImg">XXXXX</span></div></div></div></td><td><!-- PL : ici --><div class="bloc-produit produit-auchan"><div class="bloc-produit-content   "><a title="Voir le produit" href="http://www.auchandirect.fr/epicerie-salée/conserves,-plats-cuisinés/préparation-culinaire-à-base-d'aubergines/id1/479/52373"><img src="http://www.auchandirect.fr/static/images/products/line/52373.jpg" alt="" class="produit "/></a><div class="picto"><span class="invisible"></span></div><div class="boutons-produit"><a id="addProductToBasket_60" onclick="javascript:Tapestry.waitForPage(event);" title="Ajouter au panier" class="bt-produit-ajout-panier" href="http://www.auchandirect.fr/rayon.productgridorlist.productlist_1.thumbnailproduct_0.addproducttobasket/52373?t:ac=674"><span>Ajouter au panier</span></a><a id="addProductToShoppingList_63" onclick="javascript:Tapestry.waitForPage(event);" title="Ajouter à ma liste" class="bt-produit-ajout-liste" href="http://www.auchandirect.fr/rayon.productgridorlist.productlist_1.thumbnailproduct_0.addproducttoshoppinglist/52373?t:ac=674">Ajouter à ma liste</a></div><div class="infos-produit-1"><div class="prix-actuel"><span>3.42€</span></div></div><div class="infos-produit-2"><a title="Voir le produit" href="http://www.auchandirect.fr/epicerie-salée/conserves,-plats-cuisinés/préparation-culinaire-à-base-d'aubergines/id1/479/52373"><h2>AUCHAN MMM!</h2><h4>Préparation culinaire à base d'aubergines</h4><h4></h4><p>
600 g
<br/>
5.70€/kg
</p></a></div><div class="mini_picto_bas"><!-- FIXME IDEM --><span class="com.atosworldline.ri.auchan.direct.front.tapestry.data.multimedia.Picture@5e49bf18 pictoListing txtImg">XXXXX</span><!-- FIXME IDEM --><span class="com.atosworldline.ri.auchan.direct.front.tapestry.data.multimedia.Picture@3ba0f104 pictoListing txtImg">XXXXX</span><!-- FIXME IDEM --><span class="com.atosworldline.ri.auchan.direct.front.tapestry.data.multimedia.Picture@432f5c31 pictoListing txtImg">XXXXX</span></div></div></div></td><td><!-- PL : ici --><div class="bloc-produit produit-auchan"><div class="bloc-produit-content   "><a title="Voir le produit" href="http://www.auchandirect.fr/epicerie-salée/conserves,-plats-cuisinés/ratatouille-en-bocal/id1/479/51891"><img src="http://www.auchandirect.fr/static/images/products/line/51891.jpg" alt="" class="produit "/></a><div class="picto"><span class="invisible"></span></div><div class="boutons-produit"><a id="addProductToBasket_61" onclick="javascript:Tapestry.waitForPage(event);" title="Ajouter au panier" class="bt-produit-ajout-panier" href="http://www.auchandirect.fr/rayon.productgridorlist.productlist_1.thumbnailproduct_0.addproducttobasket/51891?t:ac=674"><span>Ajouter au panier</span></a><a id="addProductToShoppingList_64" onclick="javascript:Tapestry.waitForPage(event);" title="Ajouter à ma liste" class="bt-produit-ajout-liste" href="http://www.auchandirect.fr/rayon.productgridorlist.productlist_1.thumbnailproduct_0.addproducttoshoppinglist/51891?t:ac=674">Ajouter à ma liste</a></div><div class="infos-produit-1"><div class="prix-actuel"><span>2.73€</span></div></div><div class="infos-produit-2"><a title="Voir le produit" href="http://www.auchandirect.fr/epicerie-salée/conserves,-plats-cuisinés/ratatouille-en-bocal/id1/479/51891"><h2>AUCHAN MMM!</h2><h4>Ratatouille en bocal</h4><h4></h4><p>
600 g
<br/>
4.55€/kg
</p></a></div><div class="mini_picto_bas"><!-- FIXME IDEM --><span class="com.atosworldline.ri.auchan.direct.front.tapestry.data.multimedia.Picture@5a4db76c pictoListing txtImg">XXXXX</span><!-- FIXME IDEM --><span class="com.atosworldline.ri.auchan.direct.front.tapestry.data.multimedia.Picture@244541c5 pictoListing txtImg">XXXXX</span><!-- FIXME IDEM --><span class="com.atosworldline.ri.auchan.direct.front.tapestry.data.multimedia.Picture@3ee0ff1d pictoListing txtImg">XXXXX</span></div></div></div></td></tr><tr><td><!-- PL : ici --><div class="bloc-produit "><div class="bloc-produit-content   "><a title="Voir le produit" href="http://www.auchandirect.fr/epicerie-salée/conserves,-plats-cuisinés/haricots-verts/id1/479/101063"><img src="http://www.auchandirect.fr/static/images/products/line/101063.jpg" alt="" class="produit "/></a><div class="picto"><span class="invisible"></span></div><div class="boutons-produit"><a id="addProductToBasket_62" onclick="javascript:Tapestry.waitForPage(event);" title="Ajouter au panier" class="bt-produit-ajout-panier" href="http://www.auchandirect.fr/rayon.productgridorlist.productlist_1.thumbnailproduct_0.addproducttobasket/101063?t:ac=674"><span>Ajouter au panier</span></a><a id="addProductToShoppingList_65" onclick="javascript:Tapestry.waitForPage(event);" title="Ajouter à ma liste" class="bt-produit-ajout-liste" href="http://www.auchandirect.fr/rayon.productgridorlist.productlist_1.thumbnailproduct_0.addproducttoshoppinglist/101063?t:ac=674">Ajouter à ma liste</a></div><div class="infos-produit-1"><div class="prix-actuel"><span>1.63€</span></div></div><div class="infos-produit-2"><a title="Voir le produit" href="http://www.auchandirect.fr/epicerie-salée/conserves,-plats-cuisinés/haricots-verts/id1/479/101063"><h2>BONDUELLE</h2><h4>Haricots verts</h4><h4>Extra-fins</h4><p>
440 g
<br/>
3.70€/kg
</p></a></div><div class="mini_picto_bas"><!-- FIXME IDEM --><span class="com.atosworldline.ri.auchan.direct.front.tapestry.data.multimedia.Picture@6eac3b88 pictoListing txtImg">XXXXX</span><!-- FIXME IDEM --><span class="com.atosworldline.ri.auchan.direct.front.tapestry.data.multimedia.Picture@6d78967b pictoListing txtImg">XXXXX</span></div></div></div></td><td><!-- PL : ici --><div class="bloc-produit "><div class="bloc-produit-content   "><a title="Voir le produit" href="http://www.auchandirect.fr/epicerie-salée/conserves,-plats-cuisinés/jardinière-4-légumes/id1/479/100260"><img src="http://www.auchandirect.fr/static/images/products/line/100260.jpg" alt="" class="produit "/></a><div class="picto"><span class="invisible"></span></div><div class="boutons-produit"><a id="addProductToBasket_63" onclick="javascript:Tapestry.waitForPage(event);" title="Ajouter au panier" class="bt-produit-ajout-panier" href="http://www.auchandirect.fr/rayon.productgridorlist.productlist_1.thumbnailproduct_0.addproducttobasket/100260?t:ac=674"><span>Ajouter au panier</span></a><a id="addProductToShoppingList_66" onclick="javascript:Tapestry.waitForPage(event);" title="Ajouter à ma liste" class="bt-produit-ajout-liste" href="http://www.auchandirect.fr/rayon.productgridorlist.productlist_1.thumbnailproduct_0.addproducttoshoppinglist/100260?t:ac=674">Ajouter à ma liste</a></div><div class="infos-produit-1"><div class="prix-actuel"><span>1.65€</span></div></div><div class="infos-produit-2"><a title="Voir le produit" href="http://www.auchandirect.fr/epicerie-salée/conserves,-plats-cuisinés/jardinière-4-légumes/id1/479/100260"><h2>BONDUELLE</h2><h4>Jardinière 4 légumes</h4><h4></h4><p>
510 g
<br/>
3.24€/kg
</p></a></div><div class="mini_picto_bas"><!-- FIXME IDEM --><span class="com.atosworldline.ri.auchan.direct.front.tapestry.data.multimedia.Picture@7df9d63 pictoListing txtImg">XXXXX</span><!-- FIXME IDEM --><span class="com.atosworldline.ri.auchan.direct.front.tapestry.data.multimedia.Picture@69d5d29e pictoListing txtImg">XXXXX</span></div></div></div></td><td><!-- PL : ici --><div class="bloc-produit "><div class="bloc-produit-content   "><a title="Voir le produit" href="http://www.auchandirect.fr/epicerie-salée/conserves,-plats-cuisinés/salsifis-en-boite/id1/479/28459"><img src="http://www.auchandirect.fr/static/images/products/line/28459.jpg" alt="" class="produit "/></a><div class="picto"><span class="invisible"></span></div><div class="boutons-produit"><a id="addProductToBasket_64" onclick="javascript:Tapestry.waitForPage(event);" title="Ajouter au panier" class="bt-produit-ajout-panier" href="http://www.auchandirect.fr/rayon.productgridorlist.productlist_1.thumbnailproduct_0.addproducttobasket/28459?t:ac=674"><span>Ajouter au panier</span></a><a id="addProductToShoppingList_67" onclick="javascript:Tapestry.waitForPage(event);" title="Ajouter à ma liste" class="bt-produit-ajout-liste" href="http://www.auchandirect.fr/rayon.productgridorlist.productlist_1.thumbnailproduct_0.addproducttoshoppinglist/28459?t:ac=674">Ajouter à ma liste</a></div><div class="infos-produit-1"><div class="prix-actuel"><span>1.52€</span></div></div><div class="infos-produit-2"><a title="Voir le produit" href="http://www.auchandirect.fr/epicerie-salée/conserves,-plats-cuisinés/salsifis-en-boite/id1/479/28459"><h2>BONDUELLE</h2><h4>Salsifis en boite</h4><h4></h4><p>
250 g
<br/>
6.08€/kg
</p></a></div><div class="mini_picto_bas"><!-- FIXME IDEM --><span class="com.atosworldline.ri.auchan.direct.front.tapestry.data.multimedia.Picture@54f6b95a pictoListing txtImg">XXXXX</span><!-- FIXME IDEM --><span class="com.atosworldline.ri.auchan.direct.front.tapestry.data.multimedia.Picture@1202ef4a pictoListing txtImg">XXXXX</span></div></div></div></td></tr><tr><td><!-- PL : ici --><div class="bloc-produit "><div class="bloc-produit-content   "><a title="Voir le produit" href="http://www.auchandirect.fr/epicerie-salée/conserves,-plats-cuisinés/flageolets-verts/id1/479/100209"><img src="http://www.auchandirect.fr/static/images/products/line/100209.jpg" alt="" class="produit "/></a><div class="picto"><span class="invisible"></span></div><div class="boutons-produit"><a id="addProductToBasket_65" onclick="javascript:Tapestry.waitForPage(event);" title="Ajouter au panier" class="bt-produit-ajout-panier" href="http://www.auchandirect.fr/rayon.productgridorlist.productlist_1.thumbnailproduct_0.addproducttobasket/100209?t:ac=674"><span>Ajouter au panier</span></a><a id="addProductToShoppingList_68" onclick="javascript:Tapestry.waitForPage(event);" title="Ajouter à ma liste" class="bt-produit-ajout-liste" href="http://www.auchandirect.fr/rayon.productgridorlist.productlist_1.thumbnailproduct_0.addproducttoshoppinglist/100209?t:ac=674">Ajouter à ma liste</a></div><div class="infos-produit-1"><div class="prix-actuel"><span>1.72€</span></div></div><div class="infos-produit-2"><a title="Voir le produit" href="http://www.auchandirect.fr/epicerie-salée/conserves,-plats-cuisinés/flageolets-verts/id1/479/100209"><h2>BONDUELLE</h2><h4>Flageolets verts</h4><h4>Extra-fins</h4><p>
530 g
<br/>
3.25€/kg
</p></a></div><div class="mini_picto_bas"><!-- FIXME IDEM --><span class="com.atosworldline.ri.auchan.direct.front.tapestry.data.multimedia.Picture@7eabec82 pictoListing txtImg">XXXXX</span><!-- FIXME IDEM --><span class="com.atosworldline.ri.auchan.direct.front.tapestry.data.multimedia.Picture@49348bc6 pictoListing txtImg">XXXXX</span></div></div></div></td><td><!-- PL : ici --><div class="bloc-produit "><div class="bloc-produit-content   "><a title="Voir le produit" href="http://www.auchandirect.fr/epicerie-salée/conserves,-plats-cuisinés/flageolets-verts-extra-fins/id1/479/3008"><img src="http://www.auchandirect.fr/static/images/products/line/3008.jpg" alt="" class="produit "/></a><div class="picto"><span class="invisible"></span></div><div class="boutons-produit"><a id="addProductToBasket_66" onclick="javascript:Tapestry.waitForPage(event);" title="Ajouter au panier" class="bt-produit-ajout-panier" href="http://www.auchandirect.fr/rayon.productgridorlist.productlist_1.thumbnailproduct_0.addproducttobasket/3008?t:ac=674"><span>Ajouter au panier</span></a><a id="addProductToShoppingList_69" onclick="javascript:Tapestry.waitForPage(event);" title="Ajouter à ma liste" class="bt-produit-ajout-liste" href="http://www.auchandirect.fr/rayon.productgridorlist.productlist_1.thumbnailproduct_0.addproducttoshoppinglist/3008?t:ac=674">Ajouter à ma liste</a></div><div class="infos-produit-1"><div class="prix-actuel"><span>1.17€</span></div></div><div class="infos-produit-2"><a title="Voir le produit" href="http://www.auchandirect.fr/epicerie-salée/conserves,-plats-cuisinés/flageolets-verts-extra-fins/id1/479/3008"><h2>BONDUELLE</h2><h4>Flageolets verts extra-fins</h4><h4></h4><p>
265 g
<br/>
4.42€/kg
</p></a></div><div class="mini_picto_bas"></div></div></div></td><td><!-- PL : ici --><div class="bloc-produit "><div class="bloc-produit-content   "><a title="Voir le produit" href="http://www.auchandirect.fr/epicerie-salée/conserves,-plats-cuisinés/maïs-doux-en-boite/id1/479/39252"><img src="http://www.auchandirect.fr/static/images/products/line/39252.jpg" alt="" class="produit "/></a><div class="picto"><span class="invisible"></span></div><div class="boutons-produit"><a id="addProductToBasket_67" onclick="javascript:Tapestry.waitForPage(event);" title="Ajouter au panier" class="bt-produit-ajout-panier" href="http://www.auchandirect.fr/rayon.productgridorlist.productlist_1.thumbnailproduct_0.addproducttobasket/39252?t:ac=674"><span>Ajouter au panier</span></a><a id="addProductToShoppingList_70" onclick="javascript:Tapestry.waitForPage(event);" title="Ajouter à ma liste" class="bt-produit-ajout-liste" href="http://www.auchandirect.fr/rayon.productgridorlist.productlist_1.thumbnailproduct_0.addproducttoshoppinglist/39252?t:ac=674">Ajouter à ma liste</a></div><div class="infos-produit-1"><div class="prix-actuel"><span>2.34€</span></div></div><div class="infos-produit-2"><a title="Voir le produit" href="http://www.auchandirect.fr/epicerie-salée/conserves,-plats-cuisinés/maïs-doux-en-boite/id1/479/39252"><h2>BONDUELLE</h2><h4>Maïs doux en boite</h4><h4></h4><p>
3 x 140 g
<br/>
5.57€/kg
</p></a></div><div class="mini_picto_bas"><!-- FIXME IDEM --><span class="com.atosworldline.ri.auchan.direct.front.tapestry.data.multimedia.Picture@18c499b6 pictoListing txtImg">XXXXX</span><!-- FIXME IDEM --><span class="com.atosworldline.ri.auchan.direct.front.tapestry.data.multimedia.Picture@1347886e pictoListing txtImg">XXXXX</span></div></div></div></td></tr><tr><td><!-- PL : ici --><div class="bloc-produit "><div class="bloc-produit-content   "><a title="Voir le produit" href="http://www.auchandirect.fr/epicerie-salée/conserves,-plats-cuisinés/maïs-doux-en-grains/id1/479/7445"><img src="http://www.auchandirect.fr/static/images/products/line/7445.jpg" alt="" class="produit "/></a><div class="picto"><span class="invisible"></span></div><div class="boutons-produit"><a id="addProductToBasket_68" onclick="javascript:Tapestry.waitForPage(event);" title="Ajouter au panier" class="bt-produit-ajout-panier" href="http://www.auchandirect.fr/rayon.productgridorlist.productlist_1.thumbnailproduct_0.addproducttobasket/7445?t:ac=674"><span>Ajouter au panier</span></a><a id="addProductToShoppingList_71" onclick="javascript:Tapestry.waitForPage(event);" title="Ajouter à ma liste" class="bt-produit-ajout-liste" href="http://www.auchandirect.fr/rayon.productgridorlist.productlist_1.thumbnailproduct_0.addproducttoshoppinglist/7445?t:ac=674">Ajouter à ma liste</a></div><div class="infos-produit-1"><div class="prix-actuel"><span>1.35€</span></div></div><div class="infos-produit-2"><a title="Voir le produit" href="http://www.auchandirect.fr/epicerie-salée/conserves,-plats-cuisinés/maïs-doux-en-grains/id1/479/7445"><h2>BONDUELLE</h2><h4>Maïs doux en grains</h4><h4></h4><p>
285 g
<br/>
4.74€/kg
</p></a></div><div class="mini_picto_bas"><!-- FIXME IDEM --><span class="com.atosworldline.ri.auchan.direct.front.tapestry.data.multimedia.Picture@3d4df7a5 pictoListing txtImg">XXXXX</span><!-- FIXME IDEM --><span class="com.atosworldline.ri.auchan.direct.front.tapestry.data.multimedia.Picture@49bd9114 pictoListing txtImg">XXXXX</span></div></div></div></td><td><!-- PL : ici --><div class="bloc-produit "><div class="bloc-produit-content   "><a title="Voir le produit" href="http://www.auchandirect.fr/bio-ecolo/epicerie-bio/maïs-bio-sans-sucres-ajoutés/id1/458/61179"><img src="http://www.auchandirect.fr/static/images/products/line/61179.jpg" alt="" class="produit "/></a><div class="picto"><span class="invisible"></span></div><div class="boutons-produit"><a id="addProductToBasket_69" onclick="javascript:Tapestry.waitForPage(event);" title="Ajouter au panier" class="bt-produit-ajout-panier" href="http://www.auchandirect.fr/rayon.productgridorlist.productlist_1.thumbnailproduct_0.addproducttobasket/61179?t:ac=674"><span>Ajouter au panier</span></a><a id="addProductToShoppingList_72" onclick="javascript:Tapestry.waitForPage(event);" title="Ajouter à ma liste" class="bt-produit-ajout-liste" href="http://www.auchandirect.fr/rayon.productgridorlist.productlist_1.thumbnailproduct_0.addproducttoshoppinglist/61179?t:ac=674">Ajouter à ma liste</a></div><div class="infos-produit-1"><div class="prix-actuel"><span>1.61€</span></div></div><div class="infos-produit-2"><a title="Voir le produit" href="http://www.auchandirect.fr/bio-ecolo/epicerie-bio/maïs-bio-sans-sucres-ajoutés/id1/458/61179"><h2>BONDUELLE</h2><h4>Maïs bio sans sucres ajoutés</h4><h4></h4><p>
300 g
<br/>
5.37€/kg
</p></a></div><div class="mini_picto_bas"><!-- FIXME IDEM --><span class="com.atosworldline.ri.auchan.direct.front.tapestry.data.multimedia.Picture@3c7fddde pictoListing txtImg">XXXXX</span><!-- FIXME IDEM --><span class="com.atosworldline.ri.auchan.direct.front.tapestry.data.multimedia.Picture@6ebf38d9 pictoListing txtImg">XXXXX</span><!-- FIXME IDEM --><span class="com.atosworldline.ri.auchan.direct.front.tapestry.data.multimedia.Picture@4c2d675c pictoListing txtImg">XXXXX</span></div></div></div></td><td><!-- PL : ici --><div class="bloc-produit  bientot-dispo"><div class="bloc-produit-content   "><a title="Voir le produit" href="http://www.auchandirect.fr/epicerie-salée/conserves,-plats-cuisinés/macédoine-de-légumes/id1/479/39259"><img src="http://www.auchandirect.fr/static/images/products/line/39259.jpg" alt="" class="produit "/></a><div class="picto"><span class="invisible"></span></div><div class="boutons-produit"><a class="bt-produit-ajout-panier disable" title="Bientôt disponible" href="javascript:void(0)"><span>Bientôt disponible</span></a><a id="addProductToShoppingList_73" onclick="javascript:Tapestry.waitForPage(event);" title="Ajouter à ma liste" class="bt-produit-ajout-liste" href="http://www.auchandirect.fr/rayon.productgridorlist.productlist_1.thumbnailproduct_0.addproducttoshoppinglist/39259?t:ac=674">Ajouter à ma liste</a></div><div class="infos-produit-1"><div class="prix-actuel"><span>1.45€</span></div></div><div class="infos-produit-2"><a title="Voir le produit" href="http://www.auchandirect.fr/epicerie-salée/conserves,-plats-cuisinés/macédoine-de-légumes/id1/479/39259"><h2>BONDUELLE</h2><h4>Macédoine de légumes</h4><h4></h4><p>
530 g
<br/>
2.74€/kg
</p></a></div><div class="mini_picto_bas"><!-- FIXME IDEM --><span class="com.atosworldline.ri.auchan.direct.front.tapestry.data.multimedia.Picture@38dcf016 pictoListing txtImg">XXXXX</span><!-- FIXME IDEM --><span class="com.atosworldline.ri.auchan.direct.front.tapestry.data.multimedia.Picture@31165184 pictoListing txtImg">XXXXX</span></div></div></div></td></tr><tr><td><!-- PL : ici --><div class="bloc-produit  bientot-dispo"><div class="bloc-produit-content   "><a title="Voir le produit" href="http://www.auchandirect.fr/epicerie-salée/conserves,-plats-cuisinés/macédoine-de-légumes/id1/479/101047"><img src="http://www.auchandirect.fr/static/images/products/line/101047.jpg" alt="" class="produit "/></a><div class="picto"><span class="invisible"></span></div><div class="boutons-produit"><a class="bt-produit-ajout-panier disable" title="Bientôt disponible" href="javascript:void(0)"><span>Bientôt disponible</span></a><a id="addProductToShoppingList_74" onclick="javascript:Tapestry.waitForPage(event);" title="Ajouter à ma liste" class="bt-produit-ajout-liste" href="http://www.auchandirect.fr/rayon.productgridorlist.productlist_1.thumbnailproduct_0.addproducttoshoppinglist/101047?t:ac=674">Ajouter à ma liste</a></div><div class="infos-produit-1"><div class="prix-actuel"><span>1.08€</span></div></div><div class="infos-produit-2"><a title="Voir le produit" href="http://www.auchandirect.fr/epicerie-salée/conserves,-plats-cuisinés/macédoine-de-légumes/id1/479/101047"><h2>BONDUELLE</h2><h4>Macédoine de légumes</h4><h4></h4><p>
265 g
<br/>
4.08€/kg
</p></a></div><div class="mini_picto_bas"><!-- FIXME IDEM --><span class="com.atosworldline.ri.auchan.direct.front.tapestry.data.multimedia.Picture@3041ca49 pictoListing txtImg">XXXXX</span><!-- FIXME IDEM --><span class="com.atosworldline.ri.auchan.direct.front.tapestry.data.multimedia.Picture@2f47975f pictoListing txtImg">XXXXX</span></div></div></div></td><td><!-- PL : ici --><div class="bloc-produit "><div class="bloc-produit-content   "><a title="Voir le produit" href="http://www.auchandirect.fr/petit-déjeuner-epicerie-sucrée/desserts,-ingrédients/les-margerides-airelles-bocal/id1/486/57256"><img src="http://www.auchandirect.fr/static/images/products/line/57256.jpg" alt="" class="produit "/></a><div class="picto"><span class="invisible"></span></div><div class="boutons-produit"><a id="addProductToBasket_70" onclick="javascript:Tapestry.waitForPage(event);" title="Ajouter au panier" class="bt-produit-ajout-panier" href="http://www.auchandirect.fr/rayon.productgridorlist.productlist_1.thumbnailproduct_0.addproducttobasket/57256?t:ac=674"><span>Ajouter au panier</span></a><a id="addProductToShoppingList_75" onclick="javascript:Tapestry.waitForPage(event);" title="Ajouter à ma liste" class="bt-produit-ajout-liste" href="http://www.auchandirect.fr/rayon.productgridorlist.productlist_1.thumbnailproduct_0.addproducttoshoppinglist/57256?t:ac=674">Ajouter à ma liste</a></div><div class="infos-produit-1"><div class="prix-actuel"><span>2.14€</span></div></div><div class="infos-produit-2"><a title="Voir le produit" href="http://www.auchandirect.fr/petit-déjeuner-epicerie-sucrée/desserts,-ingrédients/les-margerides-airelles-bocal/id1/486/57256"><h2>BORDE</h2><h4>Les Margerides airelles bocal</h4><h4></h4><p>
37 cl
<br/>
5.78€/l
</p></a></div><div class="mini_picto_bas"></div></div></div></td><td><!-- PL : ici --><div class="bloc-produit "><div class="bloc-produit-content   "><a title="Voir le produit" href="http://www.auchandirect.fr/epicerie-salée/conserves,-plats-cuisinés/haricots-verts-cueillis-et-rangés/id1/479/100536"><img src="http://www.auchandirect.fr/static/images/products/line/100536.jpg" alt="" class="produit "/></a><div class="picto"><span class="invisible"></span></div><div class="boutons-produit"><a id="addProductToBasket_71" onclick="javascript:Tapestry.waitForPage(event);" title="Ajouter au panier" class="bt-produit-ajout-panier" href="http://www.auchandirect.fr/rayon.productgridorlist.productlist_1.thumbnailproduct_0.addproducttobasket/100536?t:ac=674"><span>Ajouter au panier</span></a><a id="addProductToShoppingList_76" onclick="javascript:Tapestry.waitForPage(event);" title="Ajouter à ma liste" class="bt-produit-ajout-liste" href="http://www.auchandirect.fr/rayon.productgridorlist.productlist_1.thumbnailproduct_0.addproducttoshoppinglist/100536?t:ac=674">Ajouter à ma liste</a></div><div class="infos-produit-1"><div class="prix-actuel"><span>2.35€</span></div></div><div class="infos-produit-2"><a title="Voir le produit" href="http://www.auchandirect.fr/epicerie-salée/conserves,-plats-cuisinés/haricots-verts-cueillis-et-rangés/id1/479/100536"><h2>CASSEGRAIN</h2><h4>Haricots verts cueillis et rangés</h4><h4>Extra fins</h4><p>
220 g
<br/>
10.68€/kg
</p></a></div><div class="mini_picto_bas"><!-- FIXME IDEM --><span class="com.atosworldline.ri.auchan.direct.front.tapestry.data.multimedia.Picture@522f639 pictoListing txtImg">XXXXX</span><!-- FIXME IDEM --><span class="com.atosworldline.ri.auchan.direct.front.tapestry.data.multimedia.Picture@3a531ad1 pictoListing txtImg">XXXXX</span></div></div></div></td></tr><tr><td><!-- PL : ici --><div class="bloc-produit "><div class="bloc-produit-content   "><a title="Voir le produit" href="http://www.auchandirect.fr/epicerie-salée/conserves,-plats-cuisinés/fagot-de-haricots-verts-et-son-lien-de-poireau/id1/479/3003"><img src="http://www.auchandirect.fr/static/images/products/line/3003.jpg" alt="" class="produit "/></a><div class="picto"><span class="invisible"></span></div><div class="boutons-produit"><a id="addProductToBasket_72" onclick="javascript:Tapestry.waitForPage(event);" title="Ajouter au panier" class="bt-produit-ajout-panier" href="http://www.auchandirect.fr/rayon.productgridorlist.productlist_1.thumbnailproduct_0.addproducttobasket/3003?t:ac=674"><span>Ajouter au panier</span></a><a id="addProductToShoppingList_77" onclick="javascript:Tapestry.waitForPage(event);" title="Ajouter à ma liste" class="bt-produit-ajout-liste" href="http://www.auchandirect.fr/rayon.productgridorlist.productlist_1.thumbnailproduct_0.addproducttoshoppinglist/3003?t:ac=674">Ajouter à ma liste</a></div><div class="infos-produit-1"><div class="prix-actuel"><span>3.80€</span></div></div><div class="infos-produit-2"><a title="Voir le produit" href="http://www.auchandirect.fr/epicerie-salée/conserves,-plats-cuisinés/fagot-de-haricots-verts-et-son-lien-de-poireau/id1/479/3003"><h2>CASSEGRAIN</h2><h4>Fagot de haricots verts et son lien de poireau</h4><h4></h4><p>
390 g
<br/>
9.74€/kg
</p></a></div><div class="mini_picto_bas"><!-- FIXME IDEM --><span class="com.atosworldline.ri.auchan.direct.front.tapestry.data.multimedia.Picture@2605ad41 pictoListing txtImg">XXXXX</span><!-- FIXME IDEM --><span class="com.atosworldline.ri.auchan.direct.front.tapestry.data.multimedia.Picture@3eb199e7 pictoListing txtImg">XXXXX</span></div></div></div></td><td><!-- PL : ici --><div class="bloc-produit "><div class="bloc-produit-content   "><a title="Voir le produit" href="http://www.auchandirect.fr/epicerie-salée/conserves,-plats-cuisinés/haricots-verts-extra-fins-rangés-mains/id1/479/100257"><img src="http://www.auchandirect.fr/static/images/products/line/100257.jpg" alt="" class="produit "/></a><div class="picto"><span class="invisible"></span></div><div class="boutons-produit"><a id="addProductToBasket_73" onclick="javascript:Tapestry.waitForPage(event);" title="Ajouter au panier" class="bt-produit-ajout-panier" href="http://www.auchandirect.fr/rayon.productgridorlist.productlist_1.thumbnailproduct_0.addproducttobasket/100257?t:ac=674"><span>Ajouter au panier</span></a><a id="addProductToShoppingList_78" onclick="javascript:Tapestry.waitForPage(event);" title="Ajouter à ma liste" class="bt-produit-ajout-liste" href="http://www.auchandirect.fr/rayon.productgridorlist.productlist_1.thumbnailproduct_0.addproducttoshoppinglist/100257?t:ac=674">Ajouter à ma liste</a></div><div class="infos-produit-1"><div class="prix-actuel"><span>1.52€</span></div></div><div class="infos-produit-2"><a title="Voir le produit" href="http://www.auchandirect.fr/epicerie-salée/conserves,-plats-cuisinés/haricots-verts-extra-fins-rangés-mains/id1/479/100257"><h2>CASSEGRAIN</h2><h4>Haricots verts extra-fins rangés mains</h4><h4>Jockey club</h4><p>

<br/>
13.82€/kg
</p></a></div><div class="mini_picto_bas"></div></div></div></td><td><!-- PL : ici --><div class="bloc-produit "><div class="bloc-produit-content   "><a title="Voir le produit" href="http://www.auchandirect.fr/epicerie-salée/conserves,-plats-cuisinés/petits-pois-carottes/id1/479/39264"><img src="http://www.auchandirect.fr/static/images/products/line/39264.jpg" alt="" class="produit "/></a><div class="picto"><span class="invisible"></span></div><div class="boutons-produit"><a id="addProductToBasket_74" onclick="javascript:Tapestry.waitForPage(event);" title="Ajouter au panier" class="bt-produit-ajout-panier" href="http://www.auchandirect.fr/rayon.productgridorlist.productlist_1.thumbnailproduct_0.addproducttobasket/39264?t:ac=674"><span>Ajouter au panier</span></a><a id="addProductToShoppingList_79" onclick="javascript:Tapestry.waitForPage(event);" title="Ajouter à ma liste" class="bt-produit-ajout-liste" href="http://www.auchandirect.fr/rayon.productgridorlist.productlist_1.thumbnailproduct_0.addproducttoshoppinglist/39264?t:ac=674">Ajouter à ma liste</a></div><div class="infos-produit-1"><div class="prix-actuel"><span>1.66€</span></div></div><div class="infos-produit-2"><a title="Voir le produit" href="http://www.auchandirect.fr/epicerie-salée/conserves,-plats-cuisinés/petits-pois-carottes/id1/479/39264"><h2>CASSEGRAIN</h2><h4>Petits pois carottes</h4><h4></h4><p>
265 g
<br/>
6.26€/kg
</p></a></div><div class="mini_picto_bas"><!-- FIXME IDEM --><span class="com.atosworldline.ri.auchan.direct.front.tapestry.data.multimedia.Picture@7def2cd8 pictoListing txtImg">XXXXX</span><!-- FIXME IDEM --><span class="com.atosworldline.ri.auchan.direct.front.tapestry.data.multimedia.Picture@6169597f pictoListing txtImg">XXXXX</span></div></div></div></td></tr><tr><td><!-- PL : ici --><div class="bloc-produit "><div class="bloc-produit-content   "><a title="Voir le produit" href="http://www.auchandirect.fr/epicerie-salée/conserves,-plats-cuisinés/mélange-printanier-à-l'étuvée/id1/479/37924"><img src="http://www.auchandirect.fr/static/images/products/line/37924.jpg" alt="" class="produit "/></a><div class="picto"><span class="invisible"></span></div><div class="boutons-produit"><a id="addProductToBasket_75" onclick="javascript:Tapestry.waitForPage(event);" title="Ajouter au panier" class="bt-produit-ajout-panier" href="http://www.auchandirect.fr/rayon.productgridorlist.productlist_1.thumbnailproduct_0.addproducttobasket/37924?t:ac=674"><span>Ajouter au panier</span></a><a id="addProductToShoppingList_80" onclick="javascript:Tapestry.waitForPage(event);" title="Ajouter à ma liste" class="bt-produit-ajout-liste" href="http://www.auchandirect.fr/rayon.productgridorlist.productlist_1.thumbnailproduct_0.addproducttoshoppinglist/37924?t:ac=674">Ajouter à ma liste</a></div><div class="infos-produit-1"><div class="prix-actuel"><span>1.25€</span></div></div><div class="infos-produit-2"><a title="Voir le produit" href="http://www.auchandirect.fr/epicerie-salée/conserves,-plats-cuisinés/mélange-printanier-à-l'étuvée/id1/479/37924"><h2>CASSEGRAIN</h2><h4>Mélange printanier à l'étuvée</h4><h4>Petits pois carottes</h4><p>
130 g
<br/>
9.62€/kg
</p></a></div><div class="mini_picto_bas"><!-- FIXME IDEM --><span class="com.atosworldline.ri.auchan.direct.front.tapestry.data.multimedia.Picture@4b72d2cf pictoListing txtImg">XXXXX</span></div></div></div></td><td><!-- PL : ici --><div class="bloc-produit "><div class="bloc-produit-content   "><a title="Voir le produit" href="http://www.auchandirect.fr/epicerie-salée/conserves,-plats-cuisinés/petit-pois-carottes/id1/479/100713"><img src="http://www.auchandirect.fr/static/images/products/line/100713.jpg" alt="" class="produit "/></a><div class="picto"><span class="invisible"></span></div><div class="boutons-produit"><a id="addProductToBasket_76" onclick="javascript:Tapestry.waitForPage(event);" title="Ajouter au panier" class="bt-produit-ajout-panier" href="http://www.auchandirect.fr/rayon.productgridorlist.productlist_1.thumbnailproduct_0.addproducttobasket/100713?t:ac=674"><span>Ajouter au panier</span></a><a id="addProductToShoppingList_81" onclick="javascript:Tapestry.waitForPage(event);" title="Ajouter à ma liste" class="bt-produit-ajout-liste" href="http://www.auchandirect.fr/rayon.productgridorlist.productlist_1.thumbnailproduct_0.addproducttoshoppinglist/100713?t:ac=674">Ajouter à ma liste</a></div><div class="infos-produit-1"><div class="prix-actuel"><span>2.47€</span></div></div><div class="infos-produit-2"><a title="Voir le produit" href="http://www.auchandirect.fr/epicerie-salée/conserves,-plats-cuisinés/petit-pois-carottes/id1/479/100713"><h2>CASSEGRAIN</h2><h4>Petit pois carottes</h4><h4></h4><p>
468 g
<br/>
5.28€/kg
</p></a></div><div class="mini_picto_bas"><!-- FIXME IDEM --><span class="com.atosworldline.ri.auchan.direct.front.tapestry.data.multimedia.Picture@5f6e3abb pictoListing txtImg">XXXXX</span><!-- FIXME IDEM --><span class="com.atosworldline.ri.auchan.direct.front.tapestry.data.multimedia.Picture@3dd1fbef pictoListing txtImg">XXXXX</span></div></div></div></td><td><!-- PL : ici --><div class="bloc-produit "><div class="bloc-produit-content   "><a title="Voir le produit" href="http://www.auchandirect.fr/epicerie-salée/conserves,-plats-cuisinés/petits-pois/id1/479/39215"><img src="http://www.auchandirect.fr/static/images/products/line/39215.jpg" alt="" class="produit "/></a><div class="picto"><span class="invisible"></span></div><div class="boutons-produit"><a id="addProductToBasket_77" onclick="javascript:Tapestry.waitForPage(event);" title="Ajouter au panier" class="bt-produit-ajout-panier" href="http://www.auchandirect.fr/rayon.productgridorlist.productlist_1.thumbnailproduct_0.addproducttobasket/39215?t:ac=674"><span>Ajouter au panier</span></a><a id="addProductToShoppingList_82" onclick="javascript:Tapestry.waitForPage(event);" title="Ajouter à ma liste" class="bt-produit-ajout-liste" href="http://www.auchandirect.fr/rayon.productgridorlist.productlist_1.thumbnailproduct_0.addproducttoshoppinglist/39215?t:ac=674">Ajouter à ma liste</a></div><div class="infos-produit-1"><div class="prix-actuel"><span>1.22€</span></div></div><div class="infos-produit-2"><a title="Voir le produit" href="http://www.auchandirect.fr/epicerie-salée/conserves,-plats-cuisinés/petits-pois/id1/479/39215"><h2>CASSEGRAIN</h2><h4>Petits pois</h4><h4></h4><p>
140 g
<br/>
8.71€/kg
</p></a></div><div class="mini_picto_bas"><!-- FIXME IDEM --><span class="com.atosworldline.ri.auchan.direct.front.tapestry.data.multimedia.Picture@24f3279e pictoListing txtImg">XXXXX</span><!-- FIXME IDEM --><span class="com.atosworldline.ri.auchan.direct.front.tapestry.data.multimedia.Picture@57ae0905 pictoListing txtImg">XXXXX</span></div></div></div></td></tr><tr><td><!-- PL : ici --><div class="bloc-produit "><div class="bloc-produit-content   "><a title="Voir le produit" href="http://www.auchandirect.fr/epicerie-salée/conserves,-plats-cuisinés/pois-à-la-provençale/id1/479/44320"><img src="http://www.auchandirect.fr/static/images/products/line/44320.jpg" alt="" class="produit "/></a><div class="picto"><span class="invisible"></span></div><div class="boutons-produit"><a id="addProductToBasket_78" onclick="javascript:Tapestry.waitForPage(event);" title="Ajouter au panier" class="bt-produit-ajout-panier" href="http://www.auchandirect.fr/rayon.productgridorlist.productlist_1.thumbnailproduct_0.addproducttobasket/44320?t:ac=674"><span>Ajouter au panier</span></a><a id="addProductToShoppingList_83" onclick="javascript:Tapestry.waitForPage(event);" title="Ajouter à ma liste" class="bt-produit-ajout-liste" href="http://www.auchandirect.fr/rayon.productgridorlist.productlist_1.thumbnailproduct_0.addproducttoshoppinglist/44320?t:ac=674">Ajouter à ma liste</a></div><div class="infos-produit-1"><div class="prix-actuel"><span>3.66€</span></div></div><div class="infos-produit-2"><a title="Voir le produit" href="http://www.auchandirect.fr/epicerie-salée/conserves,-plats-cuisinés/pois-à-la-provençale/id1/479/44320"><h2>CASSEGRAIN</h2><h4>Pois à la provençale</h4><h4></h4><p>
375 g
<br/>
13.31€/kg
</p></a></div><div class="mini_picto_bas"><!-- FIXME IDEM --><span class="com.atosworldline.ri.auchan.direct.front.tapestry.data.multimedia.Picture@62d2543b pictoListing txtImg">XXXXX</span><!-- FIXME IDEM --><span class="com.atosworldline.ri.auchan.direct.front.tapestry.data.multimedia.Picture@5e98202c pictoListing txtImg">XXXXX</span></div></div></div></td><td><!-- PL : ici --><div class="bloc-produit "><div class="bloc-produit-content   "><a title="Voir le produit" href="http://www.auchandirect.fr/epicerie-salée/conserves,-plats-cuisinés/petits-pois/id1/479/100535"><img src="http://www.auchandirect.fr/static/images/products/line/100535.jpg" alt="" class="produit "/></a><div class="picto"><span class="invisible"></span></div><div class="boutons-produit"><a id="addProductToBasket_79" onclick="javascript:Tapestry.waitForPage(event);" title="Ajouter au panier" class="bt-produit-ajout-panier" href="http://www.auchandirect.fr/rayon.productgridorlist.productlist_1.thumbnailproduct_0.addproducttobasket/100535?t:ac=674"><span>Ajouter au panier</span></a><a id="addProductToShoppingList_84" onclick="javascript:Tapestry.waitForPage(event);" title="Ajouter à ma liste" class="bt-produit-ajout-liste" href="http://www.auchandirect.fr/rayon.productgridorlist.productlist_1.thumbnailproduct_0.addproducttoshoppinglist/100535?t:ac=674">Ajouter à ma liste</a></div><div class="infos-produit-1"><div class="prix-actuel"><span>1.55€</span></div></div><div class="infos-produit-2"><a title="Voir le produit" href="http://www.auchandirect.fr/epicerie-salée/conserves,-plats-cuisinés/petits-pois/id1/479/100535"><h2>CASSEGRAIN</h2><h4>Petits pois</h4><h4></h4><p>
280 g
<br/>
5.54€/kg
</p></a></div><div class="mini_picto_bas"><!-- FIXME IDEM --><span class="com.atosworldline.ri.auchan.direct.front.tapestry.data.multimedia.Picture@55685938 pictoListing txtImg">XXXXX</span><!-- FIXME IDEM --><span class="com.atosworldline.ri.auchan.direct.front.tapestry.data.multimedia.Picture@35b99756 pictoListing txtImg">XXXXX</span></div></div></div></td><td><!-- PL : ici --><div class="bloc-produit "><div class="bloc-produit-content   "><a title="Voir le produit" href="http://www.auchandirect.fr/epicerie-salée/conserves,-plats-cuisinés/mélange-printanier-à-l'étuvée/id1/479/100712"><img src="http://www.auchandirect.fr/static/images/products/line/100712.jpg" alt="" class="produit "/></a><div class="picto"><span class="invisible"></span></div><div class="boutons-produit"><a id="addProductToBasket_80" onclick="javascript:Tapestry.waitForPage(event);" title="Ajouter au panier" class="bt-produit-ajout-panier" href="http://www.auchandirect.fr/rayon.productgridorlist.productlist_1.thumbnailproduct_0.addproducttobasket/100712?t:ac=674"><span>Ajouter au panier</span></a><a id="addProductToShoppingList_85" onclick="javascript:Tapestry.waitForPage(event);" title="Ajouter à ma liste" class="bt-produit-ajout-liste" href="http://www.auchandirect.fr/rayon.productgridorlist.productlist_1.thumbnailproduct_0.addproducttoshoppinglist/100712?t:ac=674">Ajouter à ma liste</a></div><div class="infos-produit-1"><div class="prix-actuel"><span>2.46€</span></div></div><div class="infos-produit-2"><a title="Voir le produit" href="http://www.auchandirect.fr/epicerie-salée/conserves,-plats-cuisinés/mélange-printanier-à-l'étuvée/id1/479/100712"><h2>CASSEGRAIN</h2><h4>Mélange printanier à l'étuvée</h4><h4>Petits pois</h4><p>
495 g
<br/>
4.97€/kg
</p></a></div><div class="mini_picto_bas"><!-- FIXME IDEM --><span class="com.atosworldline.ri.auchan.direct.front.tapestry.data.multimedia.Picture@2b7eaaa8 pictoListing txtImg">XXXXX</span></div></div></div></td></tr><tr><td><!-- PL : ici --><div class="bloc-produit "><div class="bloc-produit-content   "><a title="Voir le produit" href="http://www.auchandirect.fr/epicerie-salée/conserves,-plats-cuisinés/flagolets-cuisinés/id1/479/39265"><img src="http://www.auchandirect.fr/static/images/products/line/39265.jpg" alt="" class="produit "/></a><div class="picto"><span class="invisible"></span></div><div class="boutons-produit"><a id="addProductToBasket_81" onclick="javascript:Tapestry.waitForPage(event);" title="Ajouter au panier" class="bt-produit-ajout-panier" href="http://www.auchandirect.fr/rayon.productgridorlist.productlist_1.thumbnailproduct_0.addproducttobasket/39265?t:ac=674"><span>Ajouter au panier</span></a><a id="addProductToShoppingList_86" onclick="javascript:Tapestry.waitForPage(event);" title="Ajouter à ma liste" class="bt-produit-ajout-liste" href="http://www.auchandirect.fr/rayon.productgridorlist.productlist_1.thumbnailproduct_0.addproducttoshoppinglist/39265?t:ac=674">Ajouter à ma liste</a></div><div class="infos-produit-1"><div class="prix-actuel"><span>1.61€</span></div></div><div class="infos-produit-2"><a title="Voir le produit" href="http://www.auchandirect.fr/epicerie-salée/conserves,-plats-cuisinés/flagolets-cuisinés/id1/479/39265"><h2>CASSEGRAIN</h2><h4>Flagolets cuisinés</h4><h4></h4><p>
265 g
<br/>
6.08€/kg
</p></a></div><div class="mini_picto_bas"><!-- FIXME IDEM --><span class="com.atosworldline.ri.auchan.direct.front.tapestry.data.multimedia.Picture@8f611e7 pictoListing txtImg">XXXXX</span><!-- FIXME IDEM --><span class="com.atosworldline.ri.auchan.direct.front.tapestry.data.multimedia.Picture@53115949 pictoListing txtImg">XXXXX</span></div></div></div></td><td><!-- PL : ici --><div class="bloc-produit "><div class="bloc-produit-content   "><a title="Voir le produit" href="http://www.auchandirect.fr/epicerie-salée/conserves,-plats-cuisinés/flageolets-cuisinés-extra-fins/id1/479/3004"><img src="http://www.auchandirect.fr/static/images/products/line/3004.jpg" alt="" class="produit "/></a><div class="picto"><span class="invisible"></span></div><div class="boutons-produit"><a id="addProductToBasket_82" onclick="javascript:Tapestry.waitForPage(event);" title="Ajouter au panier" class="bt-produit-ajout-panier" href="http://www.auchandirect.fr/rayon.productgridorlist.productlist_1.thumbnailproduct_0.addproducttobasket/3004?t:ac=674"><span>Ajouter au panier</span></a><a id="addProductToShoppingList_87" onclick="javascript:Tapestry.waitForPage(event);" title="Ajouter à ma liste" class="bt-produit-ajout-liste" href="http://www.auchandirect.fr/rayon.productgridorlist.productlist_1.thumbnailproduct_0.addproducttoshoppinglist/3004?t:ac=674">Ajouter à ma liste</a></div><div class="infos-produit-1"><div class="prix-actuel"><span>2.42€</span></div></div><div class="infos-produit-2"><a title="Voir le produit" href="http://www.auchandirect.fr/epicerie-salée/conserves,-plats-cuisinés/flageolets-cuisinés-extra-fins/id1/479/3004"><h2>CASSEGRAIN</h2><h4>Flageolets cuisinés extra-fins</h4><h4>Jockey club</h4><p>
468 g
<br/>
5.17€/kg
</p></a></div><div class="mini_picto_bas"><!-- FIXME IDEM --><span class="com.atosworldline.ri.auchan.direct.front.tapestry.data.multimedia.Picture@17fcf23a pictoListing txtImg">XXXXX</span><!-- FIXME IDEM --><span class="com.atosworldline.ri.auchan.direct.front.tapestry.data.multimedia.Picture@5f82ca23 pictoListing txtImg">XXXXX</span></div></div></div></td><td><!-- PL : ici --><div class="bloc-produit "><div class="bloc-produit-content   "><a title="Voir le produit" href="http://www.auchandirect.fr/epicerie-salée/conserves,-plats-cuisinés/flageolets-cuisinés/id1/479/39250"><img src="http://www.auchandirect.fr/static/images/products/line/39250.jpg" alt="" class="produit "/></a><div class="picto"><span class="invisible"></span></div><div class="boutons-produit"><a id="addProductToBasket_83" onclick="javascript:Tapestry.waitForPage(event);" title="Ajouter au panier" class="bt-produit-ajout-panier" href="http://www.auchandirect.fr/rayon.productgridorlist.productlist_1.thumbnailproduct_0.addproducttobasket/39250?t:ac=674"><span>Ajouter au panier</span></a><a id="addProductToShoppingList_88" onclick="javascript:Tapestry.waitForPage(event);" title="Ajouter à ma liste" class="bt-produit-ajout-liste" href="http://www.auchandirect.fr/rayon.productgridorlist.productlist_1.thumbnailproduct_0.addproducttoshoppinglist/39250?t:ac=674">Ajouter à ma liste</a></div><div class="infos-produit-1"><div class="prix-actuel"><span>1.16€</span></div></div><div class="infos-produit-2"><a title="Voir le produit" href="http://www.auchandirect.fr/epicerie-salée/conserves,-plats-cuisinés/flageolets-cuisinés/id1/479/39250"><h2>CASSEGRAIN</h2><h4>Flageolets cuisinés</h4><h4>Extra fins</h4><p>
130 g
<br/>
8.92€/kg
</p></a></div><div class="mini_picto_bas"><!-- FIXME IDEM --><span class="com.atosworldline.ri.auchan.direct.front.tapestry.data.multimedia.Picture@3a4f0d2 pictoListing txtImg">XXXXX</span><!-- FIXME IDEM --><span class="com.atosworldline.ri.auchan.direct.front.tapestry.data.multimedia.Picture@41be6cdc pictoListing txtImg">XXXXX</span></div></div></div></td></tr><tr><td><!-- PL : ici --><div class="bloc-produit "><div class="bloc-produit-content   "><a title="Voir le produit" href="http://www.auchandirect.fr/epicerie-salée/conserves,-plats-cuisinés/lentilles-cuisinees/id1/479/39606"><img src="http://www.auchandirect.fr/static/images/products/line/39606.jpg" alt="" class="produit "/></a><div class="picto"><span class="invisible"></span></div><div class="boutons-produit"><a id="addProductToBasket_84" onclick="javascript:Tapestry.waitForPage(event);" title="Ajouter au panier" class="bt-produit-ajout-panier" href="http://www.auchandirect.fr/rayon.productgridorlist.productlist_1.thumbnailproduct_0.addproducttobasket/39606?t:ac=674"><span>Ajouter au panier</span></a><a id="addProductToShoppingList_89" onclick="javascript:Tapestry.waitForPage(event);" title="Ajouter à ma liste" class="bt-produit-ajout-liste" href="http://www.auchandirect.fr/rayon.productgridorlist.productlist_1.thumbnailproduct_0.addproducttoshoppinglist/39606?t:ac=674">Ajouter à ma liste</a></div><div class="infos-produit-1"><div class="prix-actuel"><span>1.74€</span></div></div><div class="infos-produit-2"><a title="Voir le produit" href="http://www.auchandirect.fr/epicerie-salée/conserves,-plats-cuisinés/lentilles-cuisinees/id1/479/39606"><h2>CASSEGRAIN</h2><h4>Lentilles cuisinees</h4><h4></h4><p>
265 g
<br/>
6.57€/kg
</p></a></div><div class="mini_picto_bas"><!-- FIXME IDEM --><span class="com.atosworldline.ri.auchan.direct.front.tapestry.data.multimedia.Picture@517c295b pictoListing txtImg">XXXXX</span></div></div></div></td><td><!-- PL : ici --><div class="bloc-produit "><div class="bloc-produit-content   "><a title="Voir le produit" href="http://www.auchandirect.fr/epicerie-salée/conserves,-plats-cuisinés/jardinière/id1/479/59316"><img src="http://www.auchandirect.fr/static/images/products/line/59316.jpg" alt="" class="produit "/></a><div class="picto"><span class="invisible"></span></div><div class="boutons-produit"><a id="addProductToBasket_85" onclick="javascript:Tapestry.waitForPage(event);" title="Ajouter au panier" class="bt-produit-ajout-panier" href="http://www.auchandirect.fr/rayon.productgridorlist.productlist_1.thumbnailproduct_0.addproducttobasket/59316?t:ac=674"><span>Ajouter au panier</span></a><a id="addProductToShoppingList_90" onclick="javascript:Tapestry.waitForPage(event);" title="Ajouter à ma liste" class="bt-produit-ajout-liste" href="http://www.auchandirect.fr/rayon.productgridorlist.productlist_1.thumbnailproduct_0.addproducttoshoppinglist/59316?t:ac=674">Ajouter à ma liste</a></div><div class="infos-produit-1"><div class="prix-actuel"><span>1.89€</span></div></div><div class="infos-produit-2"><a title="Voir le produit" href="http://www.auchandirect.fr/epicerie-salée/conserves,-plats-cuisinés/jardinière/id1/479/59316"><h2>CASSEGRAIN</h2><h4>Jardinière</h4><h4></h4><p>
265 g
<br/>
7.13€/kg
</p></a></div><div class="mini_picto_bas"><!-- FIXME IDEM --><span class="com.atosworldline.ri.auchan.direct.front.tapestry.data.multimedia.Picture@2e7f3f28 pictoListing txtImg">XXXXX</span></div></div></div></td><td><!-- PL : ici --><div class="bloc-produit "><div class="bloc-produit-content   "><a title="Voir le produit" href="http://www.auchandirect.fr/epicerie-salée/conserves,-plats-cuisinés/courgettes-cuisinées-à-la-provençale/id1/479/32407"><img src="http://www.auchandirect.fr/static/images/products/line/32407.jpg" alt="" class="produit "/></a><div class="picto"><span class="invisible"></span></div><div class="boutons-produit"><a id="addProductToBasket_86" onclick="javascript:Tapestry.waitForPage(event);" title="Ajouter au panier" class="bt-produit-ajout-panier" href="http://www.auchandirect.fr/rayon.productgridorlist.productlist_1.thumbnailproduct_0.addproducttobasket/32407?t:ac=674"><span>Ajouter au panier</span></a><a id="addProductToShoppingList_91" onclick="javascript:Tapestry.waitForPage(event);" title="Ajouter à ma liste" class="bt-produit-ajout-liste" href="http://www.auchandirect.fr/rayon.productgridorlist.productlist_1.thumbnailproduct_0.addproducttoshoppinglist/32407?t:ac=674">Ajouter à ma liste</a></div><div class="infos-produit-1"><div class="prix-actuel"><span>3.52€</span></div></div><div class="infos-produit-2"><a title="Voir le produit" href="http://www.auchandirect.fr/epicerie-salée/conserves,-plats-cuisinés/courgettes-cuisinées-à-la-provençale/id1/479/32407"><h2>CASSEGRAIN</h2><h4>Courgettes cuisinées à la provençale</h4><h4></h4><p>
375 g
<br/>
9.39€/kg
</p></a></div><div class="mini_picto_bas"><!-- FIXME IDEM --><span class="com.atosworldline.ri.auchan.direct.front.tapestry.data.multimedia.Picture@6ba73eb3 pictoListing txtImg">XXXXX</span><!-- FIXME IDEM --><span class="com.atosworldline.ri.auchan.direct.front.tapestry.data.multimedia.Picture@310590fc pictoListing txtImg">XXXXX</span></div></div></div></td></tr><tr><td><!-- PL : ici --><div class="bloc-produit "><div class="bloc-produit-content   "><a title="Voir le produit" href="http://www.auchandirect.fr/epicerie-salée/conserves,-plats-cuisinés/confit-d'aubergines-à-l'huile-d'olive/id1/479/41949"><img src="http://www.auchandirect.fr/static/images/products/line/41949.jpg" alt="" class="produit "/></a><div class="picto"><span class="invisible"></span></div><div class="boutons-produit"><a id="addProductToBasket_87" onclick="javascript:Tapestry.waitForPage(event);" title="Ajouter au panier" class="bt-produit-ajout-panier" href="http://www.auchandirect.fr/rayon.productgridorlist.productlist_1.thumbnailproduct_0.addproducttobasket/41949?t:ac=674"><span>Ajouter au panier</span></a><a id="addProductToShoppingList_92" onclick="javascript:Tapestry.waitForPage(event);" title="Ajouter à ma liste" class="bt-produit-ajout-liste" href="http://www.auchandirect.fr/rayon.productgridorlist.productlist_1.thumbnailproduct_0.addproducttoshoppinglist/41949?t:ac=674">Ajouter à ma liste</a></div><div class="infos-produit-1"><div class="prix-actuel"><span>3.50€</span></div></div><div class="infos-produit-2"><a title="Voir le produit" href="http://www.auchandirect.fr/epicerie-salée/conserves,-plats-cuisinés/confit-d'aubergines-à-l'huile-d'olive/id1/479/41949"><h2>CASSEGRAIN</h2><h4>Confit d'Aubergines à l'huile d'olive</h4><h4></h4><p>
375 g
<br/>
9.33€/kg
</p></a></div><div class="mini_picto_bas"><!-- FIXME IDEM --><span class="com.atosworldline.ri.auchan.direct.front.tapestry.data.multimedia.Picture@6231533c pictoListing txtImg">XXXXX</span><!-- FIXME IDEM --><span class="com.atosworldline.ri.auchan.direct.front.tapestry.data.multimedia.Picture@144fba81 pictoListing txtImg">XXXXX</span></div></div></div></td><td><!-- PL : ici --><div class="bloc-produit "><div class="bloc-produit-content   "><a title="Voir le produit" href="http://www.auchandirect.fr/epicerie-salée/conserves,-plats-cuisinés/ratatouille-cuisinée/id1/479/42098"><img src="http://www.auchandirect.fr/static/images/products/line/42098.jpg" alt="" class="produit "/></a><div class="picto"><span class="invisible"></span></div><div class="boutons-produit"><a id="addProductToBasket_88" onclick="javascript:Tapestry.waitForPage(event);" title="Ajouter au panier" class="bt-produit-ajout-panier" href="http://www.auchandirect.fr/rayon.productgridorlist.productlist_1.thumbnailproduct_0.addproducttobasket/42098?t:ac=674"><span>Ajouter au panier</span></a><a id="addProductToShoppingList_93" onclick="javascript:Tapestry.waitForPage(event);" title="Ajouter à ma liste" class="bt-produit-ajout-liste" href="http://www.auchandirect.fr/rayon.productgridorlist.productlist_1.thumbnailproduct_0.addproducttoshoppinglist/42098?t:ac=674">Ajouter à ma liste</a></div><div class="infos-produit-1"><div class="prix-actuel"><span>3.47€</span></div></div><div class="infos-produit-2"><a title="Voir le produit" href="http://www.auchandirect.fr/epicerie-salée/conserves,-plats-cuisinés/ratatouille-cuisinée/id1/479/42098"><h2>CASSEGRAIN</h2><h4>Ratatouille cuisinée</h4><h4>Provençale</h4><p>
375 g
<br/>
9.25€/kg
</p></a></div><div class="mini_picto_bas"><!-- FIXME IDEM --><span class="com.atosworldline.ri.auchan.direct.front.tapestry.data.multimedia.Picture@29d1c367 pictoListing txtImg">XXXXX</span><!-- FIXME IDEM --><span class="com.atosworldline.ri.auchan.direct.front.tapestry.data.multimedia.Picture@a73b4a4 pictoListing txtImg">XXXXX</span></div></div></div></td><td><!-- PL : ici --><div class="bloc-produit  bientot-dispo"><div class="bloc-produit-content   "><a title="Voir le produit" href="http://www.auchandirect.fr/epicerie-salée/conserves,-plats-cuisinés/marrons-aux-girolles/id1/479/57257"><img src="http://www.auchandirect.fr/static/images/products/line/57257.jpg" alt="" class="produit "/></a><div class="picto"><span class="invisible"></span></div><div class="boutons-produit"><a class="bt-produit-ajout-panier disable" title="Bientôt disponible" href="javascript:void(0)"><span>Bientôt disponible</span></a><a id="addProductToShoppingList_94" onclick="javascript:Tapestry.waitForPage(event);" title="Ajouter à ma liste" class="bt-produit-ajout-liste" href="http://www.auchandirect.fr/rayon.productgridorlist.productlist_1.thumbnailproduct_0.addproducttoshoppinglist/57257?t:ac=674">Ajouter à ma liste</a></div><div class="infos-produit-1"><div class="prix-actuel"><span>4.46€</span></div></div><div class="infos-produit-2"><a title="Voir le produit" href="http://www.auchandirect.fr/epicerie-salée/conserves,-plats-cuisinés/marrons-aux-girolles/id1/479/57257"><h2>CASSEGRAIN</h2><h4>Marrons aux girolles</h4><h4></h4><p>
375 g
<br/>
11.89€/kg
</p></a></div><div class="mini_picto_bas"><!-- FIXME IDEM --><span class="com.atosworldline.ri.auchan.direct.front.tapestry.data.multimedia.Picture@32588058 pictoListing txtImg">XXXXX</span><!-- FIXME IDEM --><span class="com.atosworldline.ri.auchan.direct.front.tapestry.data.multimedia.Picture@50522b3a pictoListing txtImg">XXXXX</span></div></div></div></td></tr><tr><td><!-- PL : ici --><div class="bloc-produit "><div class="bloc-produit-content   "><a title="Voir le produit" href="http://www.auchandirect.fr/epicerie-salée/conserves,-plats-cuisinés/coeurs-de-palmier/id1/479/38805"><img src="http://www.auchandirect.fr/static/images/products/line/38805.jpg" alt="" class="produit "/></a><div class="picto"><span class="invisible"></span></div><div class="boutons-produit"><a id="addProductToBasket_89" onclick="javascript:Tapestry.waitForPage(event);" title="Ajouter au panier" class="bt-produit-ajout-panier" href="http://www.auchandirect.fr/rayon.productgridorlist.productlist_1.thumbnailproduct_0.addproducttobasket/38805?t:ac=674"><span>Ajouter au panier</span></a><a id="addProductToShoppingList_95" onclick="javascript:Tapestry.waitForPage(event);" title="Ajouter à ma liste" class="bt-produit-ajout-liste" href="http://www.auchandirect.fr/rayon.productgridorlist.productlist_1.thumbnailproduct_0.addproducttoshoppinglist/38805?t:ac=674">Ajouter à ma liste</a></div><div class="infos-produit-1"><div class="prix-actuel"><span>1.96€</span></div></div><div class="infos-produit-2"><a title="Voir le produit" href="http://www.auchandirect.fr/epicerie-salée/conserves,-plats-cuisinés/coeurs-de-palmier/id1/479/38805"><h2>COMTE DE LA CHARNAYE</h2><h4>Coeurs de palmier</h4><h4></h4><p>
220 g
<br/>
8.91€/kg
</p></a></div><div class="mini_picto_bas"><!-- FIXME IDEM --><span class="com.atosworldline.ri.auchan.direct.front.tapestry.data.multimedia.Picture@42941608 pictoListing txtImg">XXXXX</span><!-- FIXME IDEM --><span class="com.atosworldline.ri.auchan.direct.front.tapestry.data.multimedia.Picture@832895e pictoListing txtImg">XXXXX</span></div></div></div></td><td><!-- PL : ici --><div class="bloc-produit "><div class="bloc-produit-content   "><a title="Voir le produit" href="http://www.auchandirect.fr/epicerie-salée/conserves,-plats-cuisinés/haricots-verts/id1/479/40488"><img src="http://www.auchandirect.fr/static/images/products/line/40488.jpg" alt="" class="produit "/></a><div class="picto"><span class="invisible"></span></div><div class="boutons-produit"><a id="addProductToBasket_90" onclick="javascript:Tapestry.waitForPage(event);" title="Ajouter au panier" class="bt-produit-ajout-panier" href="http://www.auchandirect.fr/rayon.productgridorlist.productlist_1.thumbnailproduct_0.addproducttobasket/40488?t:ac=674"><span>Ajouter au panier</span></a><a id="addProductToShoppingList_96" onclick="javascript:Tapestry.waitForPage(event);" title="Ajouter à ma liste" class="bt-produit-ajout-liste" href="http://www.auchandirect.fr/rayon.productgridorlist.productlist_1.thumbnailproduct_0.addproducttoshoppinglist/40488?t:ac=674">Ajouter à ma liste</a></div><div class="infos-produit-1"><div class="prix-actuel"><span>2.48€</span></div></div><div class="infos-produit-2"><a title="Voir le produit" href="http://www.auchandirect.fr/epicerie-salée/conserves,-plats-cuisinés/haricots-verts/id1/479/40488"><h2>D'AUCY</h2><h4>Haricots verts</h4><h4>Extra fins</h4><p>
3 x 110 g
<br/>
7.52€/kg
</p></a></div><div class="mini_picto_bas"><!-- FIXME IDEM --><span class="com.atosworldline.ri.auchan.direct.front.tapestry.data.multimedia.Picture@2dd87e86 pictoListing txtImg">XXXXX</span><!-- FIXME IDEM --><span class="com.atosworldline.ri.auchan.direct.front.tapestry.data.multimedia.Picture@605aa6ed pictoListing txtImg">XXXXX</span></div></div></div></td><td><!-- PL : ici --><div class="bloc-produit "><div class="bloc-produit-content   "><a title="Voir le produit" href="http://www.auchandirect.fr/epicerie-salée/conserves,-plats-cuisinés/haricots-verts/id1/479/47170"><img src="http://www.auchandirect.fr/static/images/products/line/47170.jpg" alt="" class="produit "/></a><div class="picto"><span class="invisible"></span></div><div class="boutons-produit"><a id="addProductToBasket_91" onclick="javascript:Tapestry.waitForPage(event);" title="Ajouter au panier" class="bt-produit-ajout-panier" href="http://www.auchandirect.fr/rayon.productgridorlist.productlist_1.thumbnailproduct_0.addproducttobasket/47170?t:ac=674"><span>Ajouter au panier</span></a><a id="addProductToShoppingList_97" onclick="javascript:Tapestry.waitForPage(event);" title="Ajouter à ma liste" class="bt-produit-ajout-liste" href="http://www.auchandirect.fr/rayon.productgridorlist.productlist_1.thumbnailproduct_0.addproducttoshoppinglist/47170?t:ac=674">Ajouter à ma liste</a></div><div class="infos-produit-1"><div class="prix-actuel"><span>1.45€</span></div></div><div class="infos-produit-2"><a title="Voir le produit" href="http://www.auchandirect.fr/epicerie-salée/conserves,-plats-cuisinés/haricots-verts/id1/479/47170"><h2>D'AUCY</h2><h4>Haricots verts</h4><h4>Extra-fins</h4><p>
440 g
<br/>
3.30€/kg
</p></a></div><div class="mini_picto_bas"><!-- FIXME IDEM --><span class="com.atosworldline.ri.auchan.direct.front.tapestry.data.multimedia.Picture@5f854306 pictoListing txtImg">XXXXX</span><!-- FIXME IDEM --><span class="com.atosworldline.ri.auchan.direct.front.tapestry.data.multimedia.Picture@25f36fe8 pictoListing txtImg">XXXXX</span></div></div></div></td></tr><tr><td><!-- PL : ici --><div class="bloc-produit "><div class="bloc-produit-content   "><a title="Voir le produit" href="http://www.auchandirect.fr/epicerie-salée/conserves,-plats-cuisinés/haricots-verts/id1/479/37923"><img src="http://www.auchandirect.fr/static/images/products/line/37923.jpg" alt="" class="produit "/></a><div class="picto"><span class="invisible"></span></div><div class="boutons-produit"><a id="addProductToBasket_92" onclick="javascript:Tapestry.waitForPage(event);" title="Ajouter au panier" class="bt-produit-ajout-panier" href="http://www.auchandirect.fr/rayon.productgridorlist.productlist_1.thumbnailproduct_0.addproducttobasket/37923?t:ac=674"><span>Ajouter au panier</span></a><a id="addProductToShoppingList_98" onclick="javascript:Tapestry.waitForPage(event);" title="Ajouter à ma liste" class="bt-produit-ajout-liste" href="http://www.auchandirect.fr/rayon.productgridorlist.productlist_1.thumbnailproduct_0.addproducttoshoppinglist/37923?t:ac=674">Ajouter à ma liste</a></div><div class="infos-produit-1"><div class="prix-actuel"><span>1.14€</span></div></div><div class="infos-produit-2"><a title="Voir le produit" href="http://www.auchandirect.fr/epicerie-salée/conserves,-plats-cuisinés/haricots-verts/id1/479/37923"><h2>D'AUCY</h2><h4>Haricots verts</h4><h4>Extra-fins</h4><p>
220 g
<br/>
5.18€/kg
</p></a></div><div class="mini_picto_bas"><!-- FIXME IDEM --><span class="com.atosworldline.ri.auchan.direct.front.tapestry.data.multimedia.Picture@1137fbcf pictoListing txtImg">XXXXX</span><!-- FIXME IDEM --><span class="com.atosworldline.ri.auchan.direct.front.tapestry.data.multimedia.Picture@7274dbdd pictoListing txtImg">XXXXX</span></div></div></div></td><td><!-- PL : ici --><div class="bloc-produit "><div class="bloc-produit-content   "><a title="Voir le produit" href="http://www.auchandirect.fr/epicerie-salée/conserves,-plats-cuisinés/haricots-beurre/id1/479/1689"><img src="http://www.auchandirect.fr/static/images/products/line/1689.jpg" alt="" class="produit "/></a><div class="picto"><span class="invisible"></span></div><div class="boutons-produit"><a id="addProductToBasket_93" onclick="javascript:Tapestry.waitForPage(event);" title="Ajouter au panier" class="bt-produit-ajout-panier" href="http://www.auchandirect.fr/rayon.productgridorlist.productlist_1.thumbnailproduct_0.addproducttobasket/1689?t:ac=674"><span>Ajouter au panier</span></a><a id="addProductToShoppingList_99" onclick="javascript:Tapestry.waitForPage(event);" title="Ajouter à ma liste" class="bt-produit-ajout-liste" href="http://www.auchandirect.fr/rayon.productgridorlist.productlist_1.thumbnailproduct_0.addproducttoshoppinglist/1689?t:ac=674">Ajouter à ma liste</a></div><div class="infos-produit-1"><div class="prix-actuel"><span>1.39€</span></div></div><div class="infos-produit-2"><a title="Voir le produit" href="http://www.auchandirect.fr/epicerie-salée/conserves,-plats-cuisinés/haricots-beurre/id1/479/1689"><h2>D'AUCY</h2><h4>Haricots beurre</h4><h4>Extra-fins</h4><p>
220 g
<br/>
6.32€/kg
</p></a></div><div class="mini_picto_bas"><!-- FIXME IDEM --><span class="com.atosworldline.ri.auchan.direct.front.tapestry.data.multimedia.Picture@560ec4df pictoListing txtImg">XXXXX</span><!-- FIXME IDEM --><span class="com.atosworldline.ri.auchan.direct.front.tapestry.data.multimedia.Picture@639f389c pictoListing txtImg">XXXXX</span></div></div></div></td><td><!-- PL : ici --><div class="bloc-produit "><div class="bloc-produit-content   "><a title="Voir le produit" href="http://www.auchandirect.fr/epicerie-salée/conserves,-plats-cuisinés/petits-pois-carottes/id1/479/1790"><img src="http://www.auchandirect.fr/static/images/products/line/1790.jpg" alt="" class="produit "/></a><div class="picto"><span class="invisible"></span></div><div class="boutons-produit"><a id="addProductToBasket_94" onclick="javascript:Tapestry.waitForPage(event);" title="Ajouter au panier" class="bt-produit-ajout-panier" href="http://www.auchandirect.fr/rayon.productgridorlist.productlist_1.thumbnailproduct_0.addproducttobasket/1790?t:ac=674"><span>Ajouter au panier</span></a><a id="addProductToShoppingList_100" onclick="javascript:Tapestry.waitForPage(event);" title="Ajouter à ma liste" class="bt-produit-ajout-liste" href="http://www.auchandirect.fr/rayon.productgridorlist.productlist_1.thumbnailproduct_0.addproducttoshoppinglist/1790?t:ac=674">Ajouter à ma liste</a></div><div class="infos-produit-1"><div class="prix-actuel"><span>1.87€</span></div></div><div class="infos-produit-2"><a title="Voir le produit" href="http://www.auchandirect.fr/epicerie-salée/conserves,-plats-cuisinés/petits-pois-carottes/id1/479/1790"><h2>D'AUCY</h2><h4>Petits pois carottes</h4><h4>Extra-fins</h4><p>
530 g
<br/>
3.53€/kg
</p></a></div><div class="mini_picto_bas"><!-- FIXME IDEM --><span class="com.atosworldline.ri.auchan.direct.front.tapestry.data.multimedia.Picture@6a3dbcdc pictoListing txtImg">XXXXX</span><!-- FIXME IDEM --><span class="com.atosworldline.ri.auchan.direct.front.tapestry.data.multimedia.Picture@7b3a4601 pictoListing txtImg">XXXXX</span></div></div></div></td></tr><tr><td><!-- PL : ici --><div class="bloc-produit "><div class="bloc-produit-content   "><a title="Voir le produit" href="http://www.auchandirect.fr/epicerie-salée/conserves,-plats-cuisinés/epinards-à-la-crème/id1/479/59193"><img src="http://www.auchandirect.fr/static/images/products/line/59193.jpg" alt="" class="produit "/></a><div class="picto"><span class="invisible"></span></div><div class="boutons-produit"><a id="addProductToBasket_95" onclick="javascript:Tapestry.waitForPage(event);" title="Ajouter au panier" class="bt-produit-ajout-panier" href="http://www.auchandirect.fr/rayon.productgridorlist.productlist_1.thumbnailproduct_0.addproducttobasket/59193?t:ac=674"><span>Ajouter au panier</span></a><a id="addProductToShoppingList_101" onclick="javascript:Tapestry.waitForPage(event);" title="Ajouter à ma liste" class="bt-produit-ajout-liste" href="http://www.auchandirect.fr/rayon.productgridorlist.productlist_1.thumbnailproduct_0.addproducttoshoppinglist/59193?t:ac=674">Ajouter à ma liste</a></div><div class="infos-produit-1"><div class="prix-actuel"><span>2.06€</span></div></div><div class="infos-produit-2"><a title="Voir le produit" href="http://www.auchandirect.fr/epicerie-salée/conserves,-plats-cuisinés/epinards-à-la-crème/id1/479/59193"><h2>D'AUCY</h2><h4>Epinards à la crème</h4><h4></h4><p>
380 g
<br/>
5.42€/kg
</p></a></div><div class="mini_picto_bas"><!-- FIXME IDEM --><span class="com.atosworldline.ri.auchan.direct.front.tapestry.data.multimedia.Picture@2eca2adb pictoListing txtImg">XXXXX</span><!-- FIXME IDEM --><span class="com.atosworldline.ri.auchan.direct.front.tapestry.data.multimedia.Picture@5ac3a7dc pictoListing txtImg">XXXXX</span></div></div></div></td><td><!-- PL : ici --><div class="bloc-produit "><div class="bloc-produit-content   "><a title="Voir le produit" href="http://www.auchandirect.fr/epicerie-salée/conserves,-plats-cuisinés/maïscédoine/id1/479/60401"><img src="http://www.auchandirect.fr/static/images/products/line/60401.jpg" alt="" class="produit "/></a><div class="picto"><span class="invisible"></span></div><div class="boutons-produit"><a id="addProductToBasket_96" onclick="javascript:Tapestry.waitForPage(event);" title="Ajouter au panier" class="bt-produit-ajout-panier" href="http://www.auchandirect.fr/rayon.productgridorlist.productlist_1.thumbnailproduct_0.addproducttobasket/60401?t:ac=674"><span>Ajouter au panier</span></a><a id="addProductToShoppingList_102" onclick="javascript:Tapestry.waitForPage(event);" title="Ajouter à ma liste" class="bt-produit-ajout-liste" href="http://www.auchandirect.fr/rayon.productgridorlist.productlist_1.thumbnailproduct_0.addproducttoshoppinglist/60401?t:ac=674">Ajouter à ma liste</a></div><div class="infos-produit-1"><div class="prix-actuel"><span>1.22€</span></div></div><div class="infos-produit-2"><a title="Voir le produit" href="http://www.auchandirect.fr/epicerie-salée/conserves,-plats-cuisinés/maïscédoine/id1/479/60401"><h2>D'AUCY</h2><h4>Maïscédoine</h4><h4></h4><p>
265 g
<br/>
4.60€/kg
</p></a></div><div class="mini_picto_bas"><!-- FIXME IDEM --><span class="com.atosworldline.ri.auchan.direct.front.tapestry.data.multimedia.Picture@63418b11 pictoListing txtImg">XXXXX</span><!-- FIXME IDEM --><span class="com.atosworldline.ri.auchan.direct.front.tapestry.data.multimedia.Picture@64113bff pictoListing txtImg">XXXXX</span></div></div></div></td><td><!-- PL : ici --><div class="bloc-produit "><div class="bloc-produit-content   "><a title="Voir le produit" href="http://www.auchandirect.fr/epicerie-salée/conserves,-plats-cuisinés/coeur-de-céleri/id1/479/92274"><img src="http://www.auchandirect.fr/static/images/products/line/92274.jpg" alt="" class="produit "/></a><div class="picto"><span class="invisible"></span></div><div class="boutons-produit"><a id="addProductToBasket_97" onclick="javascript:Tapestry.waitForPage(event);" title="Ajouter au panier" class="bt-produit-ajout-panier" href="http://www.auchandirect.fr/rayon.productgridorlist.productlist_1.thumbnailproduct_0.addproducttobasket/92274?t:ac=674"><span>Ajouter au panier</span></a><a id="addProductToShoppingList_103" onclick="javascript:Tapestry.waitForPage(event);" title="Ajouter à ma liste" class="bt-produit-ajout-liste" href="http://www.auchandirect.fr/rayon.productgridorlist.productlist_1.thumbnailproduct_0.addproducttoshoppinglist/92274?t:ac=674">Ajouter à ma liste</a></div><div class="infos-produit-1"><div class="prix-actuel"><span>1.68€</span></div></div><div class="infos-produit-2"><a title="Voir le produit" href="http://www.auchandirect.fr/epicerie-salée/conserves,-plats-cuisinés/coeur-de-céleri/id1/479/92274"><h2>DAUCY</h2><h4>Coeur de céleri</h4><h4></h4><p>
265 g
<br/>
6.34€/kg
</p></a></div><div class="mini_picto_bas"></div></div></div></td></tr><tr><td><!-- PL : ici --><div class="bloc-produit "><div class="bloc-produit-content   "><a title="Voir le produit" href="http://www.auchandirect.fr/epicerie-salée/conserves,-plats-cuisinés/maïs-en-grains-tendre-sans-sucres-ajoutés/id1/479/100134"><img src="http://www.auchandirect.fr/static/images/products/line/100134.jpg" alt="" class="produit "/></a><div class="picto"><span class="invisible"></span></div><div class="boutons-produit"><a id="addProductToBasket_98" onclick="javascript:Tapestry.waitForPage(event);" title="Ajouter au panier" class="bt-produit-ajout-panier" href="http://www.auchandirect.fr/rayon.productgridorlist.productlist_1.thumbnailproduct_0.addproducttobasket/100134?t:ac=674"><span>Ajouter au panier</span></a><a id="addProductToShoppingList_104" onclick="javascript:Tapestry.waitForPage(event);" title="Ajouter à ma liste" class="bt-produit-ajout-liste" href="http://www.auchandirect.fr/rayon.productgridorlist.productlist_1.thumbnailproduct_0.addproducttoshoppinglist/100134?t:ac=674">Ajouter à ma liste</a></div><div class="infos-produit-1"><div class="prix-actuel"><span>1.20€</span></div></div><div class="infos-produit-2"><a title="Voir le produit" href="http://www.auchandirect.fr/epicerie-salée/conserves,-plats-cuisinés/maïs-en-grains-tendre-sans-sucres-ajoutés/id1/479/100134"><h2>GEANT VERT</h2><h4>Maïs en grains tendre sans sucres ajoutés</h4><h4></h4><p>
285 g
<br/>
4.21€/kg
</p></a></div><div class="mini_picto_bas"><!-- FIXME IDEM --><span class="com.atosworldline.ri.auchan.direct.front.tapestry.data.multimedia.Picture@4024e373 pictoListing txtImg">XXXXX</span><!-- FIXME IDEM --><span class="com.atosworldline.ri.auchan.direct.front.tapestry.data.multimedia.Picture@35d0b3eb pictoListing txtImg">XXXXX</span></div></div></div></td><td><!-- PL : ici --><div class="bloc-produit "><div class="bloc-produit-content   "><a title="Voir le produit" href="http://www.auchandirect.fr/epicerie-salée/conserves,-plats-cuisinés/maïs-ultra-tendre/id1/479/50100"><img src="http://www.auchandirect.fr/static/images/products/line/50100.jpg" alt="" class="produit "/></a><div class="picto"><span class="invisible"></span></div><div class="boutons-produit"><a id="addProductToBasket_99" onclick="javascript:Tapestry.waitForPage(event);" title="Ajouter au panier" class="bt-produit-ajout-panier" href="http://www.auchandirect.fr/rayon.productgridorlist.productlist_1.thumbnailproduct_0.addproducttobasket/50100?t:ac=674"><span>Ajouter au panier</span></a><a id="addProductToShoppingList_105" onclick="javascript:Tapestry.waitForPage(event);" title="Ajouter à ma liste" class="bt-produit-ajout-liste" href="http://www.auchandirect.fr/rayon.productgridorlist.productlist_1.thumbnailproduct_0.addproducttoshoppinglist/50100?t:ac=674">Ajouter à ma liste</a></div><div class="infos-produit-1"><div class="prix-actuel"><span>2.56€</span></div></div><div class="infos-produit-2"><a title="Voir le produit" href="http://www.auchandirect.fr/epicerie-salée/conserves,-plats-cuisinés/maïs-ultra-tendre/id1/479/50100"><h2>GEANT VERT</h2><h4>Maïs ultra tendre</h4><h4></h4><p>
3 x 140 g
<br/>
5.69€/kg
</p></a></div><div class="mini_picto_bas"></div></div></div></td><td><!-- PL : ici --><div class="bloc-produit "><div class="bloc-produit-content   "><a title="Voir le produit" href="http://www.auchandirect.fr/epicerie-salée/conserves,-plats-cuisinés/asperges-vertes-miniatures/id1/479/58894"><img src="http://www.auchandirect.fr/static/images/products/line/58894.jpg" alt="" class="produit "/></a><div class="picto"><span class="invisible"></span></div><div class="boutons-produit"><a id="addProductToBasket_100" onclick="javascript:Tapestry.waitForPage(event);" title="Ajouter au panier" class="bt-produit-ajout-panier" href="http://www.auchandirect.fr/rayon.productgridorlist.productlist_1.thumbnailproduct_0.addproducttobasket/58894?t:ac=674"><span>Ajouter au panier</span></a><a id="addProductToShoppingList_106" onclick="javascript:Tapestry.waitForPage(event);" title="Ajouter à ma liste" class="bt-produit-ajout-liste" href="http://www.auchandirect.fr/rayon.productgridorlist.productlist_1.thumbnailproduct_0.addproducttoshoppinglist/58894?t:ac=674">Ajouter à ma liste</a></div><div class="infos-produit-1"><div class="prix-actuel"><span>2.67€</span></div></div><div class="infos-produit-2"><a title="Voir le produit" href="http://www.auchandirect.fr/epicerie-salée/conserves,-plats-cuisinés/asperges-vertes-miniatures/id1/479/58894"><h2>GEANT VERT</h2><h4>Asperges vertes miniatures</h4><h4></h4><p>
190 g
<br/>
14.05€/kg
</p></a></div><div class="mini_picto_bas"></div></div></div></td></tr><tr><td><!-- PL : ici --><div class="bloc-produit "><div class="bloc-produit-content   "><a title="Voir le produit" href="http://www.auchandirect.fr/epicerie-salée/conserves,-plats-cuisinés/coeurs-d'artichauts/id1/479/40006"><img src="http://www.auchandirect.fr/static/images/products/line/40006.jpg" alt="" class="produit "/></a><div class="picto"><span class="invisible"></span></div><div class="boutons-produit"><a id="addProductToBasket_101" onclick="javascript:Tapestry.waitForPage(event);" title="Ajouter au panier" class="bt-produit-ajout-panier" href="http://www.auchandirect.fr/rayon.productgridorlist.productlist_1.thumbnailproduct_0.addproducttobasket/40006?t:ac=674"><span>Ajouter au panier</span></a><a id="addProductToShoppingList_107" onclick="javascript:Tapestry.waitForPage(event);" title="Ajouter à ma liste" class="bt-produit-ajout-liste" href="http://www.auchandirect.fr/rayon.productgridorlist.productlist_1.thumbnailproduct_0.addproducttoshoppinglist/40006?t:ac=674">Ajouter à ma liste</a></div><div class="infos-produit-1"><div class="prix-actuel"><span>4.06€</span></div></div><div class="infos-produit-2"><a title="Voir le produit" href="http://www.auchandirect.fr/epicerie-salée/conserves,-plats-cuisinés/coeurs-d'artichauts/id1/479/40006"><h2>GEANT VERT</h2><h4>Coeurs d'artichauts</h4><h4></h4><p>
240 g
<br/>
16.92€/kg
</p></a></div><div class="mini_picto_bas"><!-- FIXME IDEM --><span class="com.atosworldline.ri.auchan.direct.front.tapestry.data.multimedia.Picture@fc2c66d pictoListing txtImg">XXXXX</span><!-- FIXME IDEM --><span class="com.atosworldline.ri.auchan.direct.front.tapestry.data.multimedia.Picture@3c712630 pictoListing txtImg">XXXXX</span></div></div></div></td><td><!-- PL : ici --><div class="bloc-produit "><div class="bloc-produit-content   "><a title="Voir le produit" href="http://www.auchandirect.fr/epicerie-salée/conserves,-plats-cuisinés/coeurs-de-palmier/id1/479/3007"><img src="http://www.auchandirect.fr/static/images/products/line/3007.jpg" alt="" class="produit "/></a><div class="picto"><span class="invisible"></span></div><div class="boutons-produit"><a id="addProductToBasket_102" onclick="javascript:Tapestry.waitForPage(event);" title="Ajouter au panier" class="bt-produit-ajout-panier" href="http://www.auchandirect.fr/rayon.productgridorlist.productlist_1.thumbnailproduct_0.addproducttobasket/3007?t:ac=674"><span>Ajouter au panier</span></a><a id="addProductToShoppingList_108" onclick="javascript:Tapestry.waitForPage(event);" title="Ajouter à ma liste" class="bt-produit-ajout-liste" href="http://www.auchandirect.fr/rayon.productgridorlist.productlist_1.thumbnailproduct_0.addproducttoshoppinglist/3007?t:ac=674">Ajouter à ma liste</a></div><div class="infos-produit-1"><div class="prix-actuel"><span>3.27€</span></div></div><div class="infos-produit-2"><a title="Voir le produit" href="http://www.auchandirect.fr/epicerie-salée/conserves,-plats-cuisinés/coeurs-de-palmier/id1/479/3007"><h2>GEANT VERT</h2><h4>Coeurs de palmier</h4><h4></h4><p>
220 g
<br/>
14.86€/kg
</p></a></div><div class="mini_picto_bas"><!-- FIXME IDEM --><span class="com.atosworldline.ri.auchan.direct.front.tapestry.data.multimedia.Picture@28823850 pictoListing txtImg">XXXXX</span><!-- FIXME IDEM --><span class="com.atosworldline.ri.auchan.direct.front.tapestry.data.multimedia.Picture@7d3f20f6 pictoListing txtImg">XXXXX</span></div></div></div></td><td><!-- PL : ici --><div class="bloc-produit "><div class="bloc-produit-content   "><a title="Voir le produit" href="http://www.auchandirect.fr/bio-ecolo/epicerie-bio/haricots-verts/id1/458/76513"><img src="http://www.auchandirect.fr/static/images/products/line/76513.jpg" alt="" class="produit "/></a><div class="picto"><span class="invisible"></span></div><div class="boutons-produit"><a id="addProductToBasket_103" onclick="javascript:Tapestry.waitForPage(event);" title="Ajouter au panier" class="bt-produit-ajout-panier" href="http://www.auchandirect.fr/rayon.productgridorlist.productlist_1.thumbnailproduct_0.addproducttobasket/76513?t:ac=674"><span>Ajouter au panier</span></a><a id="addProductToShoppingList_109" onclick="javascript:Tapestry.waitForPage(event);" title="Ajouter à ma liste" class="bt-produit-ajout-liste" href="http://www.auchandirect.fr/rayon.productgridorlist.productlist_1.thumbnailproduct_0.addproducttoshoppinglist/76513?t:ac=674">Ajouter à ma liste</a></div><div class="infos-produit-1"><div class="prix-actuel"><span>3.91€</span></div></div><div class="infos-produit-2"><a title="Voir le produit" href="http://www.auchandirect.fr/bio-ecolo/epicerie-bio/haricots-verts/id1/458/76513"><h2>JARDIN BIO</h2><h4>Haricots verts</h4><h4></h4><p>
500 g
<br/>
5.92€/kg
</p></a></div><div class="mini_picto_bas"><!-- FIXME IDEM --><span class="com.atosworldline.ri.auchan.direct.front.tapestry.data.multimedia.Picture@3b8d36b7 pictoListing txtImg">XXXXX</span></div></div></div></td></tr><tr><td><!-- PL : ici --><div class="bloc-produit "><div class="bloc-produit-content   "><a title="Voir le produit" href="http://www.auchandirect.fr/bio-ecolo/epicerie-bio/petits-pois-carottes/id1/458/60399"><img src="http://www.auchandirect.fr/static/images/products/line/60399.jpg" alt="" class="produit "/></a><div class="picto"><span class="invisible"></span></div><div class="boutons-produit"><a id="addProductToBasket_104" onclick="javascript:Tapestry.waitForPage(event);" title="Ajouter au panier" class="bt-produit-ajout-panier" href="http://www.auchandirect.fr/rayon.productgridorlist.productlist_1.thumbnailproduct_0.addproducttobasket/60399?t:ac=674"><span>Ajouter au panier</span></a><a id="addProductToShoppingList_110" onclick="javascript:Tapestry.waitForPage(event);" title="Ajouter à ma liste" class="bt-produit-ajout-liste" href="http://www.auchandirect.fr/rayon.productgridorlist.productlist_1.thumbnailproduct_0.addproducttoshoppinglist/60399?t:ac=674">Ajouter à ma liste</a></div><div class="infos-produit-1"><div class="prix-actuel"><span>3.45€</span></div></div><div class="infos-produit-2"><a title="Voir le produit" href="http://www.auchandirect.fr/bio-ecolo/epicerie-bio/petits-pois-carottes/id1/458/60399"><h2>JARDIN BIO</h2><h4>Petits pois carottes</h4><h4></h4><p>
660 g
<br/>
5.23€/kg
</p></a></div><div class="mini_picto_bas"><!-- FIXME IDEM --><span class="com.atosworldline.ri.auchan.direct.front.tapestry.data.multimedia.Picture@340346ec pictoListing txtImg">XXXXX</span><!-- FIXME IDEM --><span class="com.atosworldline.ri.auchan.direct.front.tapestry.data.multimedia.Picture@43254aa1 pictoListing txtImg">XXXXX</span><!-- FIXME IDEM --><span class="com.atosworldline.ri.auchan.direct.front.tapestry.data.multimedia.Picture@4546b277 pictoListing txtImg">XXXXX</span></div></div></div></td><td><!-- PL : ici --><div class="bloc-produit "><div class="bloc-produit-content   "><a title="Voir le produit" href="http://www.auchandirect.fr/epicerie-salée/conserves,-plats-cuisinés/haricots-verts/id1/479/39838"><img src="http://www.auchandirect.fr/static/images/products/line/39838.jpg" alt="" class="produit "/></a><div class="picto"><span class="invisible"></span></div><div class="boutons-produit"><a id="addProductToBasket_105" onclick="javascript:Tapestry.waitForPage(event);" title="Ajouter au panier" class="bt-produit-ajout-panier" href="http://www.auchandirect.fr/rayon.productgridorlist.productlist_1.thumbnailproduct_0.addproducttobasket/39838?t:ac=674"><span>Ajouter au panier</span></a><a id="addProductToShoppingList_111" onclick="javascript:Tapestry.waitForPage(event);" title="Ajouter à ma liste" class="bt-produit-ajout-liste" href="http://www.auchandirect.fr/rayon.productgridorlist.productlist_1.thumbnailproduct_0.addproducttoshoppinglist/39838?t:ac=674">Ajouter à ma liste</a></div><div class="infos-produit-1"><div class="prix-actuel"><span>0.95€</span></div></div><div class="infos-produit-2"><a title="Voir le produit" href="http://www.auchandirect.fr/epicerie-salée/conserves,-plats-cuisinés/haricots-verts/id1/479/39838"><h2>POUCE</h2><h4>Haricots verts</h4><h4>Extra-fins</h4><p>
560 g
<br/>
1.70€/kg
</p></a></div><div class="mini_picto_bas"><!-- FIXME IDEM --><span class="com.atosworldline.ri.auchan.direct.front.tapestry.data.multimedia.Picture@246ec629 pictoListing txtImg">XXXXX</span><!-- FIXME IDEM --><span class="com.atosworldline.ri.auchan.direct.front.tapestry.data.multimedia.Picture@6493c06e pictoListing txtImg">XXXXX</span><!-- FIXME IDEM --><span class="com.atosworldline.ri.auchan.direct.front.tapestry.data.multimedia.Picture@203ea958 pictoListing txtImg">XXXXX</span></div></div></div></td><td><!-- PL : ici --><div class="bloc-produit "><div class="bloc-produit-content   "><a title="Voir le produit" href="http://www.auchandirect.fr/epicerie-salée/conserves,-plats-cuisinés/petits-pois-très-fins-et-jeunes-carottes-à-l'étuvée/id1/479/46633"><img src="http://www.auchandirect.fr/static/images/products/line/46633.jpg" alt="" class="produit "/></a><div class="picto"><span class="invisible"></span></div><div class="boutons-produit"><a id="addProductToBasket_106" onclick="javascript:Tapestry.waitForPage(event);" title="Ajouter au panier" class="bt-produit-ajout-panier" href="http://www.auchandirect.fr/rayon.productgridorlist.productlist_1.thumbnailproduct_0.addproducttobasket/46633?t:ac=674"><span>Ajouter au panier</span></a><a id="addProductToShoppingList_112" onclick="javascript:Tapestry.waitForPage(event);" title="Ajouter à ma liste" class="bt-produit-ajout-liste" href="http://www.auchandirect.fr/rayon.productgridorlist.productlist_1.thumbnailproduct_0.addproducttoshoppinglist/46633?t:ac=674">Ajouter à ma liste</a></div><div class="infos-produit-1"><div class="prix-actuel"><span>0.88€</span></div></div><div class="infos-produit-2"><a title="Voir le produit" href="http://www.auchandirect.fr/epicerie-salée/conserves,-plats-cuisinés/petits-pois-très-fins-et-jeunes-carottes-à-l'étuvée/id1/479/46633"><h2>POUCE</h2><h4>Petits pois très fins et jeunes carottes à l'étuvée</h4><h4></h4><p>
530 g
<br/>
1.66€/kg
</p></a></div><div class="mini_picto_bas"><!-- FIXME IDEM --><span class="com.atosworldline.ri.auchan.direct.front.tapestry.data.multimedia.Picture@71dfe0f1 pictoListing txtImg">XXXXX</span><!-- FIXME IDEM --><span class="com.atosworldline.ri.auchan.direct.front.tapestry.data.multimedia.Picture@2129289f pictoListing txtImg">XXXXX</span><!-- FIXME IDEM --><span class="com.atosworldline.ri.auchan.direct.front.tapestry.data.multimedia.Picture@1529efbb pictoListing txtImg">XXXXX</span></div></div></div></td></tr><tr><td><!-- PL : ici --><div class="bloc-produit "><div class="bloc-produit-content   "><a title="Voir le produit" href="http://www.auchandirect.fr/epicerie-salée/conserves,-plats-cuisinés/flageolets-verts/id1/479/39823"><img src="http://www.auchandirect.fr/static/images/products/line/39823.jpg" alt="" class="produit "/></a><div class="picto"><span class="invisible"></span></div><div class="boutons-produit"><a id="addProductToBasket_107" onclick="javascript:Tapestry.waitForPage(event);" title="Ajouter au panier" class="bt-produit-ajout-panier" href="http://www.auchandirect.fr/rayon.productgridorlist.productlist_1.thumbnailproduct_0.addproducttobasket/39823?t:ac=674"><span>Ajouter au panier</span></a><a id="addProductToShoppingList_113" onclick="javascript:Tapestry.waitForPage(event);" title="Ajouter à ma liste" class="bt-produit-ajout-liste" href="http://www.auchandirect.fr/rayon.productgridorlist.productlist_1.thumbnailproduct_0.addproducttoshoppinglist/39823?t:ac=674">Ajouter à ma liste</a></div><div class="infos-produit-1"><div class="prix-actuel"><span>0.96€</span></div></div><div class="infos-produit-2"><a title="Voir le produit" href="http://www.auchandirect.fr/epicerie-salée/conserves,-plats-cuisinés/flageolets-verts/id1/479/39823"><h2>POUCE</h2><h4>Flageolets verts</h4><h4>Fins</h4><p>
530 g
<br/>
1.81€/kg
</p></a></div><div class="mini_picto_bas"><!-- FIXME IDEM --><span class="com.atosworldline.ri.auchan.direct.front.tapestry.data.multimedia.Picture@7439e8d7 pictoListing txtImg">XXXXX</span><!-- FIXME IDEM --><span class="com.atosworldline.ri.auchan.direct.front.tapestry.data.multimedia.Picture@5e5b6de pictoListing txtImg">XXXXX</span><!-- FIXME IDEM --><span class="com.atosworldline.ri.auchan.direct.front.tapestry.data.multimedia.Picture@2c48abd8 pictoListing txtImg">XXXXX</span></div></div></div></td><td><!-- PL : ici --><div class="bloc-produit "><div class="bloc-produit-content   "><a title="Voir le produit" href="http://www.auchandirect.fr/epicerie-salée/conserves,-plats-cuisinés/tomates-entières-pelées-au-jus/id1/479/20773"><img src="http://www.auchandirect.fr/static/images/products/line/20773.jpg" alt="" class="produit "/></a><div class="picto"><span class="invisible"></span></div><div class="boutons-produit"><a id="addProductToBasket_108" onclick="javascript:Tapestry.waitForPage(event);" title="Ajouter au panier" class="bt-produit-ajout-panier" href="http://www.auchandirect.fr/rayon.productgridorlist.productlist_1.thumbnailproduct_0.addproducttobasket/20773?t:ac=674"><span>Ajouter au panier</span></a><a id="addProductToShoppingList_114" onclick="javascript:Tapestry.waitForPage(event);" title="Ajouter à ma liste" class="bt-produit-ajout-liste" href="http://www.auchandirect.fr/rayon.productgridorlist.productlist_1.thumbnailproduct_0.addproducttoshoppinglist/20773?t:ac=674">Ajouter à ma liste</a></div><div class="infos-produit-1"><div class="prix-actuel"><span>0.69€</span></div></div><div class="infos-produit-2"><a title="Voir le produit" href="http://www.auchandirect.fr/epicerie-salée/conserves,-plats-cuisinés/tomates-entières-pelées-au-jus/id1/479/20773"><h2>POUCE</h2><h4>Tomates entières pelées au jus</h4><h4></h4><p>
480 g
<br/>
1.44€/kg
</p></a></div><div class="mini_picto_bas"><!-- FIXME IDEM --><span class="com.atosworldline.ri.auchan.direct.front.tapestry.data.multimedia.Picture@570a089e pictoListing txtImg">XXXXX</span><!-- FIXME IDEM --><span class="com.atosworldline.ri.auchan.direct.front.tapestry.data.multimedia.Picture@53bbe9b6 pictoListing txtImg">XXXXX</span><!-- FIXME IDEM --><span class="com.atosworldline.ri.auchan.direct.front.tapestry.data.multimedia.Picture@55ecd6ac pictoListing txtImg">XXXXX</span></div></div></div></td><td><!-- PL : ici --><div class="bloc-produit "><div class="bloc-produit-content   "><a title="Voir le produit" href="http://www.auchandirect.fr/epicerie-salée/conserves,-plats-cuisinés/champignons/id1/479/39603"><img src="http://www.auchandirect.fr/static/images/products/line/39603.jpg" alt="" class="produit "/></a><div class="picto"><span class="invisible"></span></div><div class="boutons-produit"><a id="addProductToBasket_109" onclick="javascript:Tapestry.waitForPage(event);" title="Ajouter au panier" class="bt-produit-ajout-panier" href="http://www.auchandirect.fr/rayon.productgridorlist.productlist_1.thumbnailproduct_0.addproducttobasket/39603?t:ac=674"><span>Ajouter au panier</span></a><a id="addProductToShoppingList_115" onclick="javascript:Tapestry.waitForPage(event);" title="Ajouter à ma liste" class="bt-produit-ajout-liste" href="http://www.auchandirect.fr/rayon.productgridorlist.productlist_1.thumbnailproduct_0.addproducttoshoppinglist/39603?t:ac=674">Ajouter à ma liste</a></div><div class="infos-produit-1"><div class="prix-actuel"><span>0.99€</span></div></div><div class="infos-produit-2"><a title="Voir le produit" href="http://www.auchandirect.fr/epicerie-salée/conserves,-plats-cuisinés/champignons/id1/479/39603"><h2>POUCE</h2><h4>Champignons</h4><h4>1er Choix</h4><p>
230 g
<br/>
4.30€/kg
</p></a></div><div class="mini_picto_bas"><!-- FIXME IDEM --><span class="com.atosworldline.ri.auchan.direct.front.tapestry.data.multimedia.Picture@3001e246 pictoListing txtImg">XXXXX</span><!-- FIXME IDEM --><span class="com.atosworldline.ri.auchan.direct.front.tapestry.data.multimedia.Picture@4bae7a49 pictoListing txtImg">XXXXX</span><!-- FIXME IDEM --><span class="com.atosworldline.ri.auchan.direct.front.tapestry.data.multimedia.Picture@2bde7570 pictoListing txtImg">XXXXX</span></div></div></div></td></tr><tr><td><!-- PL : ici --><div class="bloc-produit "><div class="bloc-produit-content   "><a title="Voir le produit" href="http://www.auchandirect.fr/epicerie-salée/conserves,-plats-cuisinés/champignons-de-paris-pieds-et-morceaux/id1/479/1265"><img src="http://www.auchandirect.fr/static/images/products/line/1265.jpg" alt="" class="produit "/></a><div class="picto"><span class="invisible"></span></div><div class="boutons-produit"><a id="addProductToBasket_110" onclick="javascript:Tapestry.waitForPage(event);" title="Ajouter au panier" class="bt-produit-ajout-panier" href="http://www.auchandirect.fr/rayon.productgridorlist.productlist_1.thumbnailproduct_0.addproducttobasket/1265?t:ac=674"><span>Ajouter au panier</span></a><a id="addProductToShoppingList_116" onclick="javascript:Tapestry.waitForPage(event);" title="Ajouter à ma liste" class="bt-produit-ajout-liste" href="http://www.auchandirect.fr/rayon.productgridorlist.productlist_1.thumbnailproduct_0.addproducttoshoppinglist/1265?t:ac=674">Ajouter à ma liste</a></div><div class="infos-produit-1"><div class="prix-actuel"><span>0.87€</span></div></div><div class="infos-produit-2"><a title="Voir le produit" href="http://www.auchandirect.fr/epicerie-salée/conserves,-plats-cuisinés/champignons-de-paris-pieds-et-morceaux/id1/479/1265"><h2>POUCE</h2><h4>Champignons de Paris pieds et morceaux</h4><h4></h4><p>
230 g
<br/>
3.78€/kg
</p></a></div><div class="mini_picto_bas"><!-- FIXME IDEM --><span class="com.atosworldline.ri.auchan.direct.front.tapestry.data.multimedia.Picture@19f02290 pictoListing txtImg">XXXXX</span><!-- FIXME IDEM --><span class="com.atosworldline.ri.auchan.direct.front.tapestry.data.multimedia.Picture@646d293d pictoListing txtImg">XXXXX</span><!-- FIXME IDEM --><span class="com.atosworldline.ri.auchan.direct.front.tapestry.data.multimedia.Picture@3aae974d pictoListing txtImg">XXXXX</span></div></div></div></td><td><!-- PL : ici --><div class="bloc-produit "><div class="bloc-produit-content   "><a title="Voir le produit" href="http://www.auchandirect.fr/epicerie-salée/conserves,-plats-cuisinés/macédoine-de-légumes/id1/479/39839"><img src="http://www.auchandirect.fr/static/images/products/line/39839.jpg" alt="" class="produit "/></a><div class="picto"><span class="invisible"></span></div><div class="boutons-produit"><a id="addProductToBasket_111" onclick="javascript:Tapestry.waitForPage(event);" title="Ajouter au panier" class="bt-produit-ajout-panier" href="http://www.auchandirect.fr/rayon.productgridorlist.productlist_1.thumbnailproduct_0.addproducttobasket/39839?t:ac=674"><span>Ajouter au panier</span></a><a id="addProductToShoppingList_117" onclick="javascript:Tapestry.waitForPage(event);" title="Ajouter à ma liste" class="bt-produit-ajout-liste" href="http://www.auchandirect.fr/rayon.productgridorlist.productlist_1.thumbnailproduct_0.addproducttoshoppinglist/39839?t:ac=674">Ajouter à ma liste</a></div><div class="infos-produit-1"><div class="prix-actuel"><span>0.90€</span></div></div><div class="infos-produit-2"><a title="Voir le produit" href="http://www.auchandirect.fr/epicerie-salée/conserves,-plats-cuisinés/macédoine-de-légumes/id1/479/39839"><h2>POUCE</h2><h4>Macédoine de légumes</h4><h4></h4><p>
530 g
<br/>
1.61€/kg
</p></a></div><div class="mini_picto_bas"><!-- FIXME IDEM --><span class="com.atosworldline.ri.auchan.direct.front.tapestry.data.multimedia.Picture@1c4f5e54 pictoListing txtImg">XXXXX</span><!-- FIXME IDEM --><span class="com.atosworldline.ri.auchan.direct.front.tapestry.data.multimedia.Picture@1eb9eb51 pictoListing txtImg">XXXXX</span><!-- FIXME IDEM --><span class="com.atosworldline.ri.auchan.direct.front.tapestry.data.multimedia.Picture@40082299 pictoListing txtImg">XXXXX</span></div></div></div></td><td><!-- PL : ici --><div class="bloc-produit "><div class="bloc-produit-content   "><a title="Voir le produit" href="http://www.auchandirect.fr/epicerie-salée/conserves,-plats-cuisinés/lentilles-cuisinées-à-l'auvergnate/id1/479/100093"><img src="http://www.auchandirect.fr/static/images/products/line/100093.jpg" alt="" class="produit "/></a><div class="picto"><span class="invisible"></span></div><div class="boutons-produit"><a id="addProductToBasket_112" onclick="javascript:Tapestry.waitForPage(event);" title="Ajouter au panier" class="bt-produit-ajout-panier" href="http://www.auchandirect.fr/rayon.productgridorlist.productlist_1.thumbnailproduct_0.addproducttobasket/100093?t:ac=674"><span>Ajouter au panier</span></a><a id="addProductToShoppingList_118" onclick="javascript:Tapestry.waitForPage(event);" title="Ajouter à ma liste" class="bt-produit-ajout-liste" href="http://www.auchandirect.fr/rayon.productgridorlist.productlist_1.thumbnailproduct_0.addproducttoshoppinglist/100093?t:ac=674">Ajouter à ma liste</a></div><div class="infos-produit-1"><div class="prix-actuel"><span>2.10€</span></div></div><div class="infos-produit-2"><a title="Voir le produit" href="http://www.auchandirect.fr/epicerie-salée/conserves,-plats-cuisinés/lentilles-cuisinées-à-l'auvergnate/id1/479/100093"><h2>RAYNAL ET ROQUELAURE</h2><h4>Lentilles cuisinées à l'Auvergnate</h4><h4>Pour 3 personnes ou plus</h4><p>
820 g
<br/>
2.56€/kg
</p></a></div><div class="mini_picto_bas"><!-- FIXME IDEM --><span class="com.atosworldline.ri.auchan.direct.front.tapestry.data.multimedia.Picture@56178ba6 pictoListing txtImg">XXXXX</span></div></div></div></td></tr><tr><td><!-- PL : ici --><div class="bloc-produit "><div class="bloc-produit-content   "><a title="Voir le produit" href="http://www.auchandirect.fr/epicerie-salée/conserves,-plats-cuisinés/lentilles-cuisinées-à-l'auvergnate/id1/479/100094"><img src="http://www.auchandirect.fr/static/images/products/line/100094.jpg" alt="" class="produit "/></a><div class="picto"><span class="invisible"></span></div><div class="boutons-produit"><a id="addProductToBasket_113" onclick="javascript:Tapestry.waitForPage(event);" title="Ajouter au panier" class="bt-produit-ajout-panier" href="http://www.auchandirect.fr/rayon.productgridorlist.productlist_1.thumbnailproduct_0.addproducttobasket/100094?t:ac=674"><span>Ajouter au panier</span></a><a id="addProductToShoppingList_119" onclick="javascript:Tapestry.waitForPage(event);" title="Ajouter à ma liste" class="bt-produit-ajout-liste" href="http://www.auchandirect.fr/rayon.productgridorlist.productlist_1.thumbnailproduct_0.addproducttoshoppinglist/100094?t:ac=674">Ajouter à ma liste</a></div><div class="infos-produit-1"><div class="prix-actuel"><span>1.38€</span></div></div><div class="infos-produit-2"><a title="Voir le produit" href="http://www.auchandirect.fr/epicerie-salée/conserves,-plats-cuisinés/lentilles-cuisinées-à-l'auvergnate/id1/479/100094"><h2>RAYNAL ET ROQUELAURE</h2><h4>Lentilles cuisinées à l'Auvergnate</h4><h4>Pour 1 à 2 personnes</h4><p>
410 g
<br/>
3.37€/kg
</p></a></div><div class="mini_picto_bas"><!-- FIXME IDEM --><span class="com.atosworldline.ri.auchan.direct.front.tapestry.data.multimedia.Picture@9e51bbd pictoListing txtImg">XXXXX</span></div></div></div></td><td><!-- PL : ici --><div class="bloc-produit "><div class="bloc-produit-content   "><a title="Voir le produit" href="http://www.auchandirect.fr/epicerie-salée/conserves,-plats-cuisinés/pointes-d'asperges/id1/479/1996"><img src="http://www.auchandirect.fr/static/images/products/line/1996.jpg" alt="" class="produit "/></a><div class="picto"><span class="invisible"></span></div><div class="boutons-produit"><a id="addProductToBasket_114" onclick="javascript:Tapestry.waitForPage(event);" title="Ajouter au panier" class="bt-produit-ajout-panier" href="http://www.auchandirect.fr/rayon.productgridorlist.productlist_1.thumbnailproduct_0.addproducttobasket/1996?t:ac=674"><span>Ajouter au panier</span></a><a id="addProductToShoppingList_120" onclick="javascript:Tapestry.waitForPage(event);" title="Ajouter à ma liste" class="bt-produit-ajout-liste" href="http://www.auchandirect.fr/rayon.productgridorlist.productlist_1.thumbnailproduct_0.addproducttoshoppinglist/1996?t:ac=674">Ajouter à ma liste</a></div><div class="infos-produit-1"><div class="prix-actuel"><span>2.84€</span></div></div><div class="infos-produit-2"><a title="Voir le produit" href="http://www.auchandirect.fr/epicerie-salée/conserves,-plats-cuisinés/pointes-d'asperges/id1/479/1996"><h2>ROCHEFONTAINE</h2><h4>Pointes d'asperges</h4><h4></h4><p>
190 g
<br/>
14.95€/kg
</p></a></div><div class="mini_picto_bas"><!-- FIXME IDEM --><span class="com.atosworldline.ri.auchan.direct.front.tapestry.data.multimedia.Picture@20801a5e pictoListing txtImg">XXXXX</span><!-- FIXME IDEM --><span class="com.atosworldline.ri.auchan.direct.front.tapestry.data.multimedia.Picture@3a4321fd pictoListing txtImg">XXXXX</span></div></div></div></td><td><!-- PL : ici --><div class="bloc-produit "><div class="bloc-produit-content   "><a title="Voir le produit" href="http://www.auchandirect.fr/epicerie-salée/conserves,-plats-cuisinés/asperges-blanches-grosses/id1/479/7231"><img src="http://www.auchandirect.fr/static/images/products/line/7231.jpg" alt="" class="produit "/></a><div class="picto"><span class="invisible"></span></div><div class="boutons-produit"><a id="addProductToBasket_115" onclick="javascript:Tapestry.waitForPage(event);" title="Ajouter au panier" class="bt-produit-ajout-panier" href="http://www.auchandirect.fr/rayon.productgridorlist.productlist_1.thumbnailproduct_0.addproducttobasket/7231?t:ac=674"><span>Ajouter au panier</span></a><a id="addProductToShoppingList_121" onclick="javascript:Tapestry.waitForPage(event);" title="Ajouter à ma liste" class="bt-produit-ajout-liste" href="http://www.auchandirect.fr/rayon.productgridorlist.productlist_1.thumbnailproduct_0.addproducttoshoppinglist/7231?t:ac=674">Ajouter à ma liste</a></div><div class="infos-produit-1"><div class="prix-actuel"><span>3.90€</span></div></div><div class="infos-produit-2"><a title="Voir le produit" href="http://www.auchandirect.fr/epicerie-salée/conserves,-plats-cuisinés/asperges-blanches-grosses/id1/479/7231"><h2>ROCHEFONTAINE</h2><h4>Asperges blanches grosses</h4><h4></h4><p>
205 g
<br/>
19.02€/kg
</p></a></div><div class="mini_picto_bas"><!-- FIXME IDEM --><span class="com.atosworldline.ri.auchan.direct.front.tapestry.data.multimedia.Picture@d6c86ed pictoListing txtImg">XXXXX</span><!-- FIXME IDEM --><span class="com.atosworldline.ri.auchan.direct.front.tapestry.data.multimedia.Picture@500e387d pictoListing txtImg">XXXXX</span></div></div></div></td></tr><tr><td><!-- PL : ici --><div class="bloc-produit "><div class="bloc-produit-content   "><a title="Voir le produit" href="http://www.auchandirect.fr/epicerie-salée/conserves,-plats-cuisinés/asperges-miniatures/id1/479/1997"><img src="http://www.auchandirect.fr/static/images/products/line/1997.jpg" alt="" class="produit "/></a><div class="picto"><span class="invisible"></span></div><div class="boutons-produit"><a id="addProductToBasket_116" onclick="javascript:Tapestry.waitForPage(event);" title="Ajouter au panier" class="bt-produit-ajout-panier" href="http://www.auchandirect.fr/rayon.productgridorlist.productlist_1.thumbnailproduct_0.addproducttobasket/1997?t:ac=674"><span>Ajouter au panier</span></a><a id="addProductToShoppingList_122" onclick="javascript:Tapestry.waitForPage(event);" title="Ajouter à ma liste" class="bt-produit-ajout-liste" href="http://www.auchandirect.fr/rayon.productgridorlist.productlist_1.thumbnailproduct_0.addproducttoshoppinglist/1997?t:ac=674">Ajouter à ma liste</a></div><div class="infos-produit-1"><div class="prix-actuel"><span>2.18€</span></div></div><div class="infos-produit-2"><a title="Voir le produit" href="http://www.auchandirect.fr/epicerie-salée/conserves,-plats-cuisinés/asperges-miniatures/id1/479/1997"><h2>ROCHEFONTAINE</h2><h4>Asperges miniatures</h4><h4></h4><p>
110 g
<br/>
19.82€/kg
</p></a></div><div class="mini_picto_bas"><!-- FIXME IDEM --><span class="com.atosworldline.ri.auchan.direct.front.tapestry.data.multimedia.Picture@559ebf9a pictoListing txtImg">XXXXX</span><!-- FIXME IDEM --><span class="com.atosworldline.ri.auchan.direct.front.tapestry.data.multimedia.Picture@29354360 pictoListing txtImg">XXXXX</span></div></div></div></td><td><!-- PL : ici --><div class="bloc-produit "><div class="bloc-produit-content   "><a title="Voir le produit" href="http://www.auchandirect.fr/epicerie-salée/conserves,-plats-cuisinés/asperges-vertes-miniatures/id1/479/1998"><img src="http://www.auchandirect.fr/static/images/products/line/1998.jpg" alt="" class="produit "/></a><div class="picto"><span class="invisible"></span></div><div class="boutons-produit"><a id="addProductToBasket_117" onclick="javascript:Tapestry.waitForPage(event);" title="Ajouter au panier" class="bt-produit-ajout-panier" href="http://www.auchandirect.fr/rayon.productgridorlist.productlist_1.thumbnailproduct_0.addproducttobasket/1998?t:ac=674"><span>Ajouter au panier</span></a><a id="addProductToShoppingList_123" onclick="javascript:Tapestry.waitForPage(event);" title="Ajouter à ma liste" class="bt-produit-ajout-liste" href="http://www.auchandirect.fr/rayon.productgridorlist.productlist_1.thumbnailproduct_0.addproducttoshoppinglist/1998?t:ac=674">Ajouter à ma liste</a></div><div class="infos-produit-1"><div class="prix-actuel"><span>2.43€</span></div></div><div class="infos-produit-2"><a title="Voir le produit" href="http://www.auchandirect.fr/epicerie-salée/conserves,-plats-cuisinés/asperges-vertes-miniatures/id1/479/1998"><h2>ROCHEFONTAINE</h2><h4>Asperges vertes miniatures</h4><h4></h4><p>
105 g
<br/>
23.14€/kg
</p></a></div><div class="mini_picto_bas"><!-- FIXME IDEM --><span class="com.atosworldline.ri.auchan.direct.front.tapestry.data.multimedia.Picture@3413cdd2 pictoListing txtImg">XXXXX</span><!-- FIXME IDEM --><span class="com.atosworldline.ri.auchan.direct.front.tapestry.data.multimedia.Picture@2db0b4 pictoListing txtImg">XXXXX</span></div></div></div></td><td><!-- PL : ici --><div class="bloc-produit "><div class="bloc-produit-content   "><a title="Voir le produit" href="http://www.auchandirect.fr/epicerie-salée/conserves,-plats-cuisinés/mini-coeurs-de-palmier/id1/479/4526"><img src="http://www.auchandirect.fr/static/images/products/line/4526.jpg" alt="" class="produit "/></a><div class="picto"><span class="invisible"></span></div><div class="boutons-produit"><a id="addProductToBasket_118" onclick="javascript:Tapestry.waitForPage(event);" title="Ajouter au panier" class="bt-produit-ajout-panier" href="http://www.auchandirect.fr/rayon.productgridorlist.productlist_1.thumbnailproduct_0.addproducttobasket/4526?t:ac=674"><span>Ajouter au panier</span></a><a id="addProductToShoppingList_124" onclick="javascript:Tapestry.waitForPage(event);" title="Ajouter à ma liste" class="bt-produit-ajout-liste" href="http://www.auchandirect.fr/rayon.productgridorlist.productlist_1.thumbnailproduct_0.addproducttoshoppinglist/4526?t:ac=674">Ajouter à ma liste</a></div><div class="infos-produit-1"><div class="prix-actuel"><span>3.92€</span></div></div><div class="infos-produit-2"><a title="Voir le produit" href="http://www.auchandirect.fr/epicerie-salée/conserves,-plats-cuisinés/mini-coeurs-de-palmier/id1/479/4526"><h2>ROCHEFONTAINE</h2><h4>Mini coeurs de palmier</h4><h4></h4><p>
115 g
<br/>
34.09€/kg
</p></a></div><div class="mini_picto_bas"><!-- FIXME IDEM --><span class="com.atosworldline.ri.auchan.direct.front.tapestry.data.multimedia.Picture@37abf983 pictoListing txtImg">XXXXX</span></div></div></div></td></tr><tr><td><!-- PL : ici --><div class="bloc-produit "><div class="bloc-produit-content   "><a title="Voir le produit" href="http://www.auchandirect.fr/epicerie-salée/conserves,-plats-cuisinés/champignons-entiers-miniatures/id1/479/45502"><img src="http://www.auchandirect.fr/static/images/products/line/45502.jpg" alt="" class="produit "/></a><div class="picto"><span class="invisible"></span></div><div class="boutons-produit"><a id="addProductToBasket_119" onclick="javascript:Tapestry.waitForPage(event);" title="Ajouter au panier" class="bt-produit-ajout-panier" href="http://www.auchandirect.fr/rayon.productgridorlist.productlist_1.thumbnailproduct_0.addproducttobasket/45502?t:ac=674"><span>Ajouter au panier</span></a><a id="addProductToShoppingList_125" onclick="javascript:Tapestry.waitForPage(event);" title="Ajouter à ma liste" class="bt-produit-ajout-liste" href="http://www.auchandirect.fr/rayon.productgridorlist.productlist_1.thumbnailproduct_0.addproducttoshoppinglist/45502?t:ac=674">Ajouter à ma liste</a></div><div class="infos-produit-1"><div class="prix-actuel"><span>4.03€</span></div></div><div class="infos-produit-2"><a title="Voir le produit" href="http://www.auchandirect.fr/epicerie-salée/conserves,-plats-cuisinés/champignons-entiers-miniatures/id1/479/45502"><h2>ROYAL CHAMPIGNON</h2><h4>Champignons entiers miniatures</h4><h4></h4><p>
3 x 115 g
<br/>
11.68€/kg
</p></a></div><div class="mini_picto_bas"><!-- FIXME IDEM --><span class="com.atosworldline.ri.auchan.direct.front.tapestry.data.multimedia.Picture@7b8a2402 pictoListing txtImg">XXXXX</span><!-- FIXME IDEM --><span class="com.atosworldline.ri.auchan.direct.front.tapestry.data.multimedia.Picture@2a423eab pictoListing txtImg">XXXXX</span></div></div></div></td><td><!-- PL : ici --><div class="bloc-produit "><div class="bloc-produit-content   "><a title="Voir le produit" href="http://www.auchandirect.fr/epicerie-salée/conserves,-plats-cuisinés/champignons-de-paris-1er-choix-entiers/id1/479/100256"><img src="http://www.auchandirect.fr/static/images/products/line/100256.jpg" alt="" class="produit "/></a><div class="picto"><span class="invisible"></span></div><div class="boutons-produit"><a id="addProductToBasket_120" onclick="javascript:Tapestry.waitForPage(event);" title="Ajouter au panier" class="bt-produit-ajout-panier" href="http://www.auchandirect.fr/rayon.productgridorlist.productlist_1.thumbnailproduct_0.addproducttobasket/100256?t:ac=674"><span>Ajouter au panier</span></a><a id="addProductToShoppingList_126" onclick="javascript:Tapestry.waitForPage(event);" title="Ajouter à ma liste" class="bt-produit-ajout-liste" href="http://www.auchandirect.fr/rayon.productgridorlist.productlist_1.thumbnailproduct_0.addproducttoshoppinglist/100256?t:ac=674">Ajouter à ma liste</a></div><div class="infos-produit-1"><div class="prix-actuel"><span>1.71€</span></div></div><div class="infos-produit-2"><a title="Voir le produit" href="http://www.auchandirect.fr/epicerie-salée/conserves,-plats-cuisinés/champignons-de-paris-1er-choix-entiers/id1/479/100256"><h2>ROYAL CHAMPIGNON</h2><h4>Champignons de Paris 1er choix entiers</h4><h4></h4><p>
230 g
<br/>
7.43€/kg
</p></a></div><div class="mini_picto_bas"></div></div></div></td><td><!-- PL : ici --><div class="bloc-produit "><div class="bloc-produit-content   "><a title="Voir le produit" href="http://www.auchandirect.fr/epicerie-salée/conserves,-plats-cuisinés/champignons-de-paris-1er-choix-émincés/id1/479/1765"><img src="http://www.auchandirect.fr/static/images/products/line/1765.jpg" alt="" class="produit "/></a><div class="picto"><span class="invisible"></span></div><div class="boutons-produit"><a id="addProductToBasket_121" onclick="javascript:Tapestry.waitForPage(event);" title="Ajouter au panier" class="bt-produit-ajout-panier" href="http://www.auchandirect.fr/rayon.productgridorlist.productlist_1.thumbnailproduct_0.addproducttobasket/1765?t:ac=674"><span>Ajouter au panier</span></a><a id="addProductToShoppingList_127" onclick="javascript:Tapestry.waitForPage(event);" title="Ajouter à ma liste" class="bt-produit-ajout-liste" href="http://www.auchandirect.fr/rayon.productgridorlist.productlist_1.thumbnailproduct_0.addproducttoshoppinglist/1765?t:ac=674">Ajouter à ma liste</a></div><div class="infos-produit-1"><div class="prix-actuel"><span>1.72€</span></div></div><div class="infos-produit-2"><a title="Voir le produit" href="http://www.auchandirect.fr/epicerie-salée/conserves,-plats-cuisinés/champignons-de-paris-1er-choix-émincés/id1/479/1765"><h2>ROYAL CHAMPIGNON</h2><h4>Champignons de Paris 1er choix émincés</h4><h4></h4><p>
230 g
<br/>
7.48€/kg
</p></a></div><div class="mini_picto_bas"><!-- FIXME IDEM --><span class="com.atosworldline.ri.auchan.direct.front.tapestry.data.multimedia.Picture@63206239 pictoListing txtImg">XXXXX</span><!-- FIXME IDEM --><span class="com.atosworldline.ri.auchan.direct.front.tapestry.data.multimedia.Picture@6310bf06 pictoListing txtImg">XXXXX</span></div></div></div></td></tr><tr><td><!-- PL : ici --><div class="bloc-produit "><div class="bloc-produit-content   "><a title="Voir le produit" href="http://www.auchandirect.fr/epicerie-salée/conserves,-plats-cuisinés/champignons-de-paris-émincés/id1/479/1764"><img src="http://www.auchandirect.fr/static/images/products/line/1764.jpg" alt="" class="produit "/></a><div class="picto"><span class="invisible"></span></div><div class="boutons-produit"><a id="addProductToBasket_122" onclick="javascript:Tapestry.waitForPage(event);" title="Ajouter au panier" class="bt-produit-ajout-panier" href="http://www.auchandirect.fr/rayon.productgridorlist.productlist_1.thumbnailproduct_0.addproducttobasket/1764?t:ac=674"><span>Ajouter au panier</span></a><a id="addProductToShoppingList_128" onclick="javascript:Tapestry.waitForPage(event);" title="Ajouter à ma liste" class="bt-produit-ajout-liste" href="http://www.auchandirect.fr/rayon.productgridorlist.productlist_1.thumbnailproduct_0.addproducttoshoppinglist/1764?t:ac=674">Ajouter à ma liste</a></div><div class="infos-produit-1"><div class="prix-actuel"><span>2.75€</span></div></div><div class="infos-produit-2"><a title="Voir le produit" href="http://www.auchandirect.fr/epicerie-salée/conserves,-plats-cuisinés/champignons-de-paris-émincés/id1/479/1764"><h2>ROYAL CHAMPIGNON</h2><h4>Champignons de Paris émincés</h4><h4></h4><p>
460 g
<br/>
5.98€/kg
</p></a></div><div class="mini_picto_bas"><!-- FIXME IDEM --><span class="com.atosworldline.ri.auchan.direct.front.tapestry.data.multimedia.Picture@606d55b9 pictoListing txtImg">XXXXX</span><!-- FIXME IDEM --><span class="com.atosworldline.ri.auchan.direct.front.tapestry.data.multimedia.Picture@2a171624 pictoListing txtImg">XXXXX</span></div></div></div></td><td><!-- PL : ici --><div class="bloc-produit "><div class="bloc-produit-content   "><a title="Voir le produit" href="http://www.auchandirect.fr/epicerie-salée/conserves,-plats-cuisinés/champignons-de-paris/id1/479/38043"><img src="http://www.auchandirect.fr/static/images/products/line/38043.jpg" alt="" class="produit "/></a><div class="picto"><span class="invisible"></span></div><div class="boutons-produit"><a id="addProductToBasket_123" onclick="javascript:Tapestry.waitForPage(event);" title="Ajouter au panier" class="bt-produit-ajout-panier" href="http://www.auchandirect.fr/rayon.productgridorlist.productlist_1.thumbnailproduct_0.addproducttobasket/38043?t:ac=674"><span>Ajouter au panier</span></a><a id="addProductToShoppingList_129" onclick="javascript:Tapestry.waitForPage(event);" title="Ajouter à ma liste" class="bt-produit-ajout-liste" href="http://www.auchandirect.fr/rayon.productgridorlist.productlist_1.thumbnailproduct_0.addproducttoshoppinglist/38043?t:ac=674">Ajouter à ma liste</a></div><div class="infos-produit-1"><div class="prix-actuel"><span>1.35€</span></div></div><div class="infos-produit-2"><a title="Voir le produit" href="http://www.auchandirect.fr/epicerie-salée/conserves,-plats-cuisinés/champignons-de-paris/id1/479/38043"><h2>ROYAL CHAMPIGNON</h2><h4>Champignons de Paris</h4><h4>Emincés</h4><p>
230 g
<br/>
5.87€/kg
</p></a></div><div class="mini_picto_bas"><!-- FIXME IDEM --><span class="com.atosworldline.ri.auchan.direct.front.tapestry.data.multimedia.Picture@51aeab12 pictoListing txtImg">XXXXX</span><!-- FIXME IDEM --><span class="com.atosworldline.ri.auchan.direct.front.tapestry.data.multimedia.Picture@226154a3 pictoListing txtImg">XXXXX</span></div></div></div></td><td><!-- PL : ici --><div class="bloc-produit "><div class="bloc-produit-content   "><a title="Voir le produit" href="http://www.auchandirect.fr/epicerie-salée/conserves,-plats-cuisinés/emincé-de-champignons/id1/479/38044"><img src="http://www.auchandirect.fr/static/images/products/line/38044.jpg" alt="" class="produit "/></a><div class="picto"><span class="invisible"></span></div><div class="boutons-produit"><a id="addProductToBasket_124" onclick="javascript:Tapestry.waitForPage(event);" title="Ajouter au panier" class="bt-produit-ajout-panier" href="http://www.auchandirect.fr/rayon.productgridorlist.productlist_1.thumbnailproduct_0.addproducttobasket/38044?t:ac=674"><span>Ajouter au panier</span></a><a id="addProductToShoppingList_130" onclick="javascript:Tapestry.waitForPage(event);" title="Ajouter à ma liste" class="bt-produit-ajout-liste" href="http://www.auchandirect.fr/rayon.productgridorlist.productlist_1.thumbnailproduct_0.addproducttoshoppinglist/38044?t:ac=674">Ajouter à ma liste</a></div><div class="infos-produit-1"><div class="prix-actuel"><span>2.64€</span></div></div><div class="infos-produit-2"><a title="Voir le produit" href="http://www.auchandirect.fr/epicerie-salée/conserves,-plats-cuisinés/emincé-de-champignons/id1/479/38044"><h2>ROYAL CHAMPIGNON</h2><h4>Emincé de champignons</h4><h4></h4><p>
3 x 115 g
<br/>
7.65€/kg
</p></a></div><div class="mini_picto_bas"><!-- FIXME IDEM --><span class="com.atosworldline.ri.auchan.direct.front.tapestry.data.multimedia.Picture@23fbaaf7 pictoListing txtImg">XXXXX</span><!-- FIXME IDEM --><span class="com.atosworldline.ri.auchan.direct.front.tapestry.data.multimedia.Picture@5f955095 pictoListing txtImg">XXXXX</span></div></div></div></td></tr><tr><td><!-- PL : ici --><div class="bloc-produit "><div class="bloc-produit-content   "><a title="Voir le produit" href="http://www.auchandirect.fr/epicerie-salée/conserves,-plats-cuisinés/champignons-à-la-grecque/id1/479/74650"><img src="http://www.auchandirect.fr/static/images/products/line/74650.jpg" alt="" class="produit "/></a><div class="picto"><span class="invisible"></span></div><div class="boutons-produit"><a id="addProductToBasket_125" onclick="javascript:Tapestry.waitForPage(event);" title="Ajouter au panier" class="bt-produit-ajout-panier" href="http://www.auchandirect.fr/rayon.productgridorlist.productlist_1.thumbnailproduct_0.addproducttobasket/74650?t:ac=674"><span>Ajouter au panier</span></a><a id="addProductToShoppingList_131" onclick="javascript:Tapestry.waitForPage(event);" title="Ajouter à ma liste" class="bt-produit-ajout-liste" href="http://www.auchandirect.fr/rayon.productgridorlist.productlist_1.thumbnailproduct_0.addproducttoshoppinglist/74650?t:ac=674">Ajouter à ma liste</a></div><div class="infos-produit-1"><div class="prix-actuel"><span>2.27€</span></div></div><div class="infos-produit-2"><a title="Voir le produit" href="http://www.auchandirect.fr/epicerie-salée/conserves,-plats-cuisinés/champignons-à-la-grecque/id1/479/74650"><h2>ROYAL CHAMPIGNON</h2><h4>Champignons à la Grecque</h4><h4></h4><p>
400 g
<br/>
5.68€/kg
</p></a></div><div class="mini_picto_bas"></div></div></div></td><td><!-- PL : ici --><div class="bloc-produit "><div class="bloc-produit-content   "><a title="Voir le produit" href="http://www.auchandirect.fr/epicerie-salée/sauces,-condiments/purée-de-tomate-en-brique-tetraslim/id1/482/72296"><img src="http://www.auchandirect.fr/static/images/products/line/72296.jpg" alt="" class="produit "/></a><div class="picto"><span class="invisible"></span></div><div class="boutons-produit"><a id="addProductToBasket_126" onclick="javascript:Tapestry.waitForPage(event);" title="Ajouter au panier" class="bt-produit-ajout-panier" href="http://www.auchandirect.fr/rayon.productgridorlist.productlist_1.thumbnailproduct_0.addproducttobasket/72296?t:ac=674"><span>Ajouter au panier</span></a><a id="addProductToShoppingList_132" onclick="javascript:Tapestry.waitForPage(event);" title="Ajouter à ma liste" class="bt-produit-ajout-liste" href="http://www.auchandirect.fr/rayon.productgridorlist.productlist_1.thumbnailproduct_0.addproducttoshoppinglist/72296?t:ac=674">Ajouter à ma liste</a></div><div class="infos-produit-1"><div class="prix-actuel"><span>0.65€</span></div></div><div class="infos-produit-2"><a title="Voir le produit" href="http://www.auchandirect.fr/epicerie-salée/sauces,-condiments/purée-de-tomate-en-brique-tetraslim/id1/482/72296"><h2>VICTORIA</h2><h4>Purée de tomate en brique tetraslim</h4><h4></h4><p>
500 g
<br/>
1.30€/kg
</p></a></div><div class="mini_picto_bas"></div></div></div></td><td></td></tr></table></div></div></div><!-- t:zone t:id="productListZone" t:update="show">
							<t:if test="specificCategory">
								<div id="${productListDivId}" class="liste clear-container">
									<bean t:type="products/lists/productList" categoryId="categoryId" products="products" listType="displayType" specifCategory="true" />
								</div>
							<p:else>
								<div id="${productListDivId}" class="liste clear-container">
									<bean t:type="products/lists/productList" categoryId="categoryId" products="products" listType="displayType" />
								</div>
							</p:else>
							</t:if>
						</t:zone --><!-- Bannière bas --><div class="zone-admin diff-zone"></div><!--  --><div class="clear-container" id="liste-produits-infos"><p>
Si vous avez des suggestions de produits,
<a id="suggestionPopup" onclick="javascript:Tapestry.waitForPage(event);" class="orange-link" shape="rect" href="http://www.auchandirect.fr/rayon.suggestionpopup?t:ac=674">dites-le nous !</a><span class="backtotop"><a shape="rect" href="674.html#top">Retour en haut de page</a></span></p></div></div><div style="position: relative" class="right-content"><div style="position: relative" id="wrapper_for_fixed_content"><!-- <div id="wrapper_for_fixed_content" xmlns:t="http://tapestry.apache.org/schema/tapestry_5_1_0.xsd" xmlns:p="tapestry:parameter"> --><div id="tout-en-un-client"><div class="item first" id="tout-en-un-compte"><h3>Mon Compte</h3><p><a id="eventlink" onclick="javascript:Tapestry.waitForPage(event);" href="http://www.auchandirect.fr/rayon.customerinfos:showsigninpopup?t:ac=674">Identifiez-vous</a><a> - </a><a id="registerPopup" onclick="javascript:Tapestry.waitForPage(event);" href="http://www.auchandirect.fr/rayon.customerinfos.registerpopup?t:ac=674">Inscrivez-vous</a></p></div><div class="item" id="tout-en-un-commandes"><h3>Mes commandes</h3><p><a id="popupAuth" onclick="javascript:Tapestry.waitForPage(event);" href="http://www.auchandirect.fr/rayon.customerinfos.popupauth?t:ac=674">Consultez vos commandes en cours et passées</a></p></div><div class="item" id="tout-en-un-livraison"><h3>
Ma livraison
</h3><p class="t-zone" id="slotInfoZone"><a id="showSlotTab" onclick="javascript:Tapestry.waitForPage(event);" href="http://www.auchandirect.fr/rayon.customerinfos.slotinfo.showslottab?t:ac=674"><span class="item-texte">
Prochaine livraison possible
</span><span class="item-date">jeudi 28/03 entre 07h00 et 09h00</span></a></p></div><div class="t-zone" id="accountSummaryTabContentZone"><div id="onglets"><ul class="menu menu-horizontal tabs float-container"><li><a id="basket" onclick="javascript:Tapestry.waitForPage(event);" title="Mon panier" class="onglet-panier current" href="http://www.auchandirect.fr/rayon.customerinfos.basket?t:ac=674"><span class="invisible">Mon panier</span></a></li><li><a id="lists" onclick="javascript:Tapestry.waitForPage(event);" title="Mes listes" class="onglet-listes " href="http://www.auchandirect.fr/rayon.customerinfos.lists?t:ac=674"><span class="invisible">Mes listes</span></a></li><li><a id="topBasket" onclick="javascript:Tapestry.waitForPage(event);" title="Lancer mon top panier" class="onglet-top-panier " href="http://www.auchandirect.fr/rayon.customerinfos.topbasket?t:ac=674"><span class="invisible">Mon top panier</span></a></li></ul><div class="panes"><div class="item" id="panel-panier"><div class="t-zone" id="completeMiniBasketZone"><div class="t-zone" id="miniBasket"><p>Votre panier est vide</p><ul class="menu menu-horizontal"><li><a title="Voir le détails de votre panier" class="panier-bt-voir" href="../../../../monpanier.html"></a></li></ul></div><div class="bouton-right-container"><div class="container-bouton-type1"><a id="validateBasket" onclick="javascript:Tapestry.waitForPage(event);" class="bouton-type1" href="http://www.auchandirect.fr/rayon.customerinfos.minibasket.validatebasket?t:ac=674">
Valider mon panier
</a></div></div><div class="clear"></div></div></div></div></div></div></div><!-- </div> --><!-- <bean t:type="misc/commitment/expandedCommitment" /> --></div></div></div></div><!-- div class="float-container" id="footer-menu-annexe" xmlns:t="http://tapestry.apache.org/schema/tapestry_5_1_0.xsd">
	<ul class="menu menu-horizontal">
		<li>
			<t:pagelink t:page="apropos/engagement">
				<t:outputraw value="message:link.engagement.lbl" />
			</t:pagelink>
		</li>
		<li>
			<t:pagelink t:page="apropos/contact">
				<t:outputraw value="message:link.contact.lbl" />
			</t:pagelink>
		</li>
		<li>
			<t:pagelink t:page="apropos/faq">
				<t:outputraw value="message:link.faq.lbl" />
			</t:pagelink>
		</li>
		<li>
			<t:pagelink t:page="apropos/cgv">
				<t:outputraw value="message:link.cgv.lbl" />
			</t:pagelink>
		</li>
		<li>
			<t:pagelink t:page="apropos/operations">
				<t:outputraw value="message:link.operations.lbl" />
			</t:pagelink>
		</li>
		<li>
			<t:pagelink t:page="apropos/legal">
				<t:outputraw value="message:link.legal.lbl" />
			</t:pagelink>
		</li>
	</ul>
</div --><div id="footer-menu-annexe" class="float-container">
<ul class="menu menu-horizontal">
	<li><a href="http://www.auchandirect.fr/apropos/engagement">Engagements</a></li>
	<li><a href="http://www.auchandirect.fr/apropos/contact">Contactez-nous</a></li>
	<li><a href="http://www.auchandirect.fr/apropos/faq">FAQ</a></li>
	<li><a href="http://www.auchandirect.fr/apropos/cgv">Conditions g&eacute;n&eacute;rales de vente</a></li>
	<li><a href="http://www.auchandirect.fr/apropos/operations">Op&eacute;rations commerciales</a></li>
	<li><a href="http://www.auchandirect.fr/apropos/legal">Mentions l&eacute;gales</a></li>
	<li><a href="../../../../actu.html">Actualit&eacute;s</a> </li>
</ul>
</div>
<!-- div class="float-container" id="footer-infos" xmlns:t="http://tapestry.apache.org/schema/tapestry_5_1_0.xsd">
	<div id="info-facebook">
		<a href="http://www.facebook.com/Auchandirect.fr" target="_blank">
			<img width="26" height="26" alt="${message:facebook.img.alt}" src="/static/images/icone-facebook.png" />
		</a>
		<a href="http://www.facebook.com/Auchandirect.fr" target="_blank">	
			<span><t:outputraw value="message:facebook.fan.lbl" /></span>
		</a>
	</div>
	<div id="infos-contact">
		<div id="infos-contact-titre">
			<t:outputraw value="message:info.contact.lbl" />
		</div>
		<div id="infos-contact-tel">
			<t:outputraw value="message:info.phone.lbl" />
		</div>
		<div id="infos-contact-mail">
			<t:outputraw value="message:info.mail.lbl" />
		</div>
		<div id="eco-responsable">
			<img src="/static/images/picto-carton.png" width="142" height="126" alt="${message:eco.resp.alt}" />
		</div>
	</div>
</div --><div id="footer-infos" class="float-container">
<div id="info-facebook">
<a href="http://www.facebook.com/Auchandirect.fr" target="_blank"><img src="http://www.auchandirect.fr/static/images/icone-facebook.png" alt="auchandirect sur facebook" width="26" height="26" /></a><a href="http://www.facebook.com/Auchandirect.fr" target="_blank"><span>Devenez fan !</span></a>
</div>
<div id="infos-contact">
<div id="infos-contact-titre">
Contactez votre service client :
</div>
<div id="infos-contact-tel">
<strong>Par t&eacute;l&eacute;phone : 09 69 39 19 69 </strong>Du lundi au vendredi de 8H &agrave; 22H et le samedi de 9H &agrave; 18H (Appel non surtax&eacute;)
</div>
<div id="infos-contact-mail">
<strong>Par email : <a href="mailto:client@auchandirect.fr">client@auchandirect.fr</a></strong>
</div>
<div id="eco-responsable">
<img src="http://www.auchandirect.fr/static/images/picto-carton.png" alt="eco-responsable" width="142" height="126" />
</div>
</div>
</div>
</div><div><a onclick="javascript:Tapestry.waitForPage(event);" id="closeButtonHk" href="http://www.auchandirect.fr/rayon.pagetemplate.fancycloseprovidergabarit.closebuttonhk?t:ac=674"></a></div><div class="t-zone" id="popupZone"></div><div class="t-zone" id="secondPopupZone"></div><div class="t-zone" id="closePopupZone"></div><a style="display:none;" id="showPopupLink" href="674.html#popupContent" class="fancylink"></a><div style="display:none"><div class="t-zone" id="forceAjax"></div></div><script type="text/javascript">
var gaJsHost = (("https:" == document.location.protocol) ? "https://ssl." : "http://www.");
document.write(unescape("%3Cscript src='" + gaJsHost + "google-analytics.com/ga.js' type='text/javascript'%3E%3C/script%3E"));
</script><script type="text/javascript">
var pageTracker = _gat._getTracker("UA-3062526-1");
pageTracker._initData();
pageTracker._trackPageview();
pageTracker._trackPageLoadTime();
</script><script src="http://www.auchandirect.fr/assets/ctx/296dafb4649acaf9/static/scripts/adi_all.js" type="text/javascript"></script><script src="http://www.auchandirect.fr/assets/ctx/296dafb4649acaf9/static/scripts/atos-fancy-fix.js" type="text/javascript"></script><script src="http://www.auchandirect.fr/assets/ctx/296dafb4649acaf9/static/fancybox/jquery.fancybox-1.3.4.js" type="text/javascript"></script><div id="endpiejs"></div><script type="text/javascript">Tapestry.onDOMLoaded(function() {
Tapestry.init({"popup":[[]],"linkZone":[["newsLetterPopup","forceAjax","/rayon.pagetemplate.header.headertop.newsletterpopup?t:ac=674"],["sortForm","productListZone","/rayon.productgridorlist.sortform"],["list","productListZone","/rayon.productgridorlist.list?t:ac=674"],["thumbnail","productListZone","/rayon.productgridorlist.thumbnail?t:ac=674"],["viewSubCatPgol","labelZone","/rayon.productgridorlist.viewsubcatpgol/1328?t:ac=674"],["viewSubCatPgol_0","labelZone","/rayon.productgridorlist.viewsubcatpgol/1334?t:ac=674"],["viewSubCatPgol_1","labelZone","/rayon.productgridorlist.viewsubcatpgol/1324?t:ac=674"],["viewSubCatPgol_2","labelZone","/rayon.productgridorlist.viewsubcatpgol/1323?t:ac=674"],["viewSubCatPgol_3","labelZone","/rayon.productgridorlist.viewsubcatpgol/1316?t:ac=674"],["viewSubCatPgol_4","labelZone","/rayon.productgridorlist.viewsubcatpgol/1332?t:ac=674"],["viewSubCatPgol_5","labelZone","/rayon.productgridorlist.viewsubcatpgol/1329?t:ac=674"],["viewSubCatPgol_6","labelZone","/rayon.productgridorlist.viewsubcatpgol/1320?t:ac=674"],["viewSubCatPgol_7","labelZone","/rayon.productgridorlist.viewsubcatpgol/1314?t:ac=674"],["viewSubCatPgol_8","labelZone","/rayon.productgridorlist.viewsubcatpgol/1315?t:ac=674"],["filterPromos","productListZone","/rayon.productgridorlist.filterpromos?t:ac=674"],["filterAuchan","productListZone","/rayon.productgridorlist.filterauchan?t:ac=674"],["viewAllBrands","labelZone","/rayon.productgridorlist.viewallbrands?t:ac=674"],["addProductToBasket","forceAjax","/rayon.productgridorlist.productlist_1.thumbnailproduct_0.addproducttobasket/40303?t:ac=674"],["addProductToShoppingList","forceAjax","/rayon.productgridorlist.productlist_1.thumbnailproduct_0.addproducttoshoppinglist/40303?t:ac=674"],["addProductToBasket_0","forceAjax","/rayon.productgridorlist.productlist_1.thumbnailproduct_0.addproducttobasket/38161?t:ac=674"],["addProductToShoppingList_0","forceAjax","/rayon.productgridorlist.productlist_1.thumbnailproduct_0.addproducttoshoppinglist/38161?t:ac=674"],["addProductToBasket_1","forceAjax","/rayon.productgridorlist.productlist_1.thumbnailproduct_0.addproducttobasket/40615?t:ac=674"],["addProductToShoppingList_1","forceAjax","/rayon.productgridorlist.productlist_1.thumbnailproduct_0.addproducttoshoppinglist/40615?t:ac=674"],["addProductToBasket_2","forceAjax","/rayon.productgridorlist.productlist_1.thumbnailproduct_0.addproducttobasket/23572?t:ac=674"],["addProductToShoppingList_2","forceAjax","/rayon.productgridorlist.productlist_1.thumbnailproduct_0.addproducttoshoppinglist/23572?t:ac=674"],["addProductToBasket_3","forceAjax","/rayon.productgridorlist.productlist_1.thumbnailproduct_0.addproducttobasket/1130?t:ac=674"],["addProductToShoppingList_3","forceAjax","/rayon.productgridorlist.productlist_1.thumbnailproduct_0.addproducttoshoppinglist/1130?t:ac=674"],["addProductToBasket_4","forceAjax","/rayon.productgridorlist.productlist_1.thumbnailproduct_0.addproducttobasket/1136?t:ac=674"],["addProductToShoppingList_4","forceAjax","/rayon.productgridorlist.productlist_1.thumbnailproduct_0.addproducttoshoppinglist/1136?t:ac=674"],["addProductToBasket_5","forceAjax","/rayon.productgridorlist.productlist_1.thumbnailproduct_0.addproducttobasket/1137?t:ac=674"],["addProductToShoppingList_5","forceAjax","/rayon.productgridorlist.productlist_1.thumbnailproduct_0.addproducttoshoppinglist/1137?t:ac=674"],["addProductToBasket_6","forceAjax","/rayon.productgridorlist.productlist_1.thumbnailproduct_0.addproducttobasket/1161?t:ac=674"],["addProductToShoppingList_6","forceAjax","/rayon.productgridorlist.productlist_1.thumbnailproduct_0.addproducttoshoppinglist/1161?t:ac=674"],["addProductToBasket_7","forceAjax","/rayon.productgridorlist.productlist_1.thumbnailproduct_0.addproducttobasket/1832?t:ac=674"],["addProductToShoppingList_7","forceAjax","/rayon.productgridorlist.productlist_1.thumbnailproduct_0.addproducttoshoppinglist/1832?t:ac=674"],["addProductToBasket_8","forceAjax","/rayon.productgridorlist.productlist_1.thumbnailproduct_0.addproducttobasket/38410?t:ac=674"],["addProductToShoppingList_8","forceAjax","/rayon.productgridorlist.productlist_1.thumbnailproduct_0.addproducttoshoppinglist/38410?t:ac=674"],["addProductToBasket_9","forceAjax","/rayon.productgridorlist.productlist_1.thumbnailproduct_0.addproducttobasket/5479?t:ac=674"],["addProductToShoppingList_9","forceAjax","/rayon.productgridorlist.productlist_1.thumbnailproduct_0.addproducttoshoppinglist/5479?t:ac=674"],["addProductToBasket_10","forceAjax","/rayon.productgridorlist.productlist_1.thumbnailproduct_0.addproducttobasket/1183?t:ac=674"],["addProductToShoppingList_10","forceAjax","/rayon.productgridorlist.productlist_1.thumbnailproduct_0.addproducttoshoppinglist/1183?t:ac=674"],["addProductToBasket_11","forceAjax","/rayon.productgridorlist.productlist_1.thumbnailproduct_0.addproducttobasket/40545?t:ac=674"],["addProductToShoppingList_11","forceAjax","/rayon.productgridorlist.productlist_1.thumbnailproduct_0.addproducttoshoppinglist/40545?t:ac=674"],["addProductToBasket_12","forceAjax","/rayon.productgridorlist.productlist_1.thumbnailproduct_0.addproducttobasket/1153?t:ac=674"],["addProductToShoppingList_12","forceAjax","/rayon.productgridorlist.productlist_1.thumbnailproduct_0.addproducttoshoppinglist/1153?t:ac=674"],["addProductToBasket_13","forceAjax","/rayon.productgridorlist.productlist_1.thumbnailproduct_0.addproducttobasket/27941?t:ac=674"],["addProductToShoppingList_13","forceAjax","/rayon.productgridorlist.productlist_1.thumbnailproduct_0.addproducttoshoppinglist/27941?t:ac=674"],["addProductToBasket_14","forceAjax","/rayon.productgridorlist.productlist_1.thumbnailproduct_0.addproducttobasket/40548?t:ac=674"],["addProductToShoppingList_14","forceAjax","/rayon.productgridorlist.productlist_1.thumbnailproduct_0.addproducttoshoppinglist/40548?t:ac=674"],["addProductToBasket_15","forceAjax","/rayon.productgridorlist.productlist_1.thumbnailproduct_0.addproducttobasket/1226?t:ac=674"],["addProductToShoppingList_15","forceAjax","/rayon.productgridorlist.productlist_1.thumbnailproduct_0.addproducttoshoppinglist/1226?t:ac=674"],["addProductToBasket_16","forceAjax","/rayon.productgridorlist.productlist_1.thumbnailproduct_0.addproducttobasket/1178?t:ac=674"],["addProductToShoppingList_16","forceAjax","/rayon.productgridorlist.productlist_1.thumbnailproduct_0.addproducttoshoppinglist/1178?t:ac=674"],["addProductToBasket_17","forceAjax","/rayon.productgridorlist.productlist_1.thumbnailproduct_0.addproducttobasket/1140?t:ac=674"],["addProductToShoppingList_17","forceAjax","/rayon.productgridorlist.productlist_1.thumbnailproduct_0.addproducttoshoppinglist/1140?t:ac=674"],["addProductToShoppingList_18","forceAjax","/rayon.productgridorlist.productlist_1.thumbnailproduct_0.addproducttoshoppinglist/1141?t:ac=674"],["addProductToBasket_18","forceAjax","/rayon.productgridorlist.productlist_1.thumbnailproduct_0.addproducttobasket/79109?t:ac=674"],["addProductToShoppingList_19","forceAjax","/rayon.productgridorlist.productlist_1.thumbnailproduct_0.addproducttoshoppinglist/79109?t:ac=674"],["addProductToBasket_19","forceAjax","/rayon.productgridorlist.productlist_1.thumbnailproduct_0.addproducttobasket/40614?t:ac=674"],["addProductToShoppingList_20","forceAjax","/rayon.productgridorlist.productlist_1.thumbnailproduct_0.addproducttoshoppinglist/40614?t:ac=674"],["addProductToBasket_20","forceAjax","/rayon.productgridorlist.productlist_1.thumbnailproduct_0.addproducttobasket/40613?t:ac=674"],["addProductToShoppingList_21","forceAjax","/rayon.productgridorlist.productlist_1.thumbnailproduct_0.addproducttoshoppinglist/40613?t:ac=674"],["addProductToBasket_21","forceAjax","/rayon.productgridorlist.productlist_1.thumbnailproduct_0.addproducttobasket/1182?t:ac=674"],["addProductToShoppingList_22","forceAjax","/rayon.productgridorlist.productlist_1.thumbnailproduct_0.addproducttoshoppinglist/1182?t:ac=674"],["addProductToBasket_22","forceAjax","/rayon.productgridorlist.productlist_1.thumbnailproduct_0.addproducttobasket/17704?t:ac=674"],["addProductToShoppingList_23","forceAjax","/rayon.productgridorlist.productlist_1.thumbnailproduct_0.addproducttoshoppinglist/17704?t:ac=674"],["addProductToBasket_23","forceAjax","/rayon.productgridorlist.productlist_1.thumbnailproduct_0.addproducttobasket/40546?t:ac=674"],["addProductToShoppingList_24","forceAjax","/rayon.productgridorlist.productlist_1.thumbnailproduct_0.addproducttoshoppinglist/40546?t:ac=674"],["addProductToBasket_24","forceAjax","/rayon.productgridorlist.productlist_1.thumbnailproduct_0.addproducttobasket/17664?t:ac=674"],["addProductToShoppingList_25","forceAjax","/rayon.productgridorlist.productlist_1.thumbnailproduct_0.addproducttoshoppinglist/17664?t:ac=674"],["addProductToBasket_25","forceAjax","/rayon.productgridorlist.productlist_1.thumbnailproduct_0.addproducttobasket/1872?t:ac=674"],["addProductToShoppingList_26","forceAjax","/rayon.productgridorlist.productlist_1.thumbnailproduct_0.addproducttoshoppinglist/1872?t:ac=674"],["addProductToBasket_26","forceAjax","/rayon.productgridorlist.productlist_1.thumbnailproduct_0.addproducttobasket/33382?t:ac=674"],["addProductToShoppingList_27","forceAjax","/rayon.productgridorlist.productlist_1.thumbnailproduct_0.addproducttoshoppinglist/33382?t:ac=674"],["addProductToBasket_27","forceAjax","/rayon.productgridorlist.productlist_1.thumbnailproduct_0.addproducttobasket/10784?t:ac=674"],["addProductToShoppingList_28","forceAjax","/rayon.productgridorlist.productlist_1.thumbnailproduct_0.addproducttoshoppinglist/10784?t:ac=674"],["addProductToBasket_28","forceAjax","/rayon.productgridorlist.productlist_1.thumbnailproduct_0.addproducttobasket/24479?t:ac=674"],["addProductToShoppingList_29","forceAjax","/rayon.productgridorlist.productlist_1.thumbnailproduct_0.addproducttoshoppinglist/24479?t:ac=674"],["addProductToBasket_29","forceAjax","/rayon.productgridorlist.productlist_1.thumbnailproduct_0.addproducttobasket/40652?t:ac=674"],["addProductToShoppingList_30","forceAjax","/rayon.productgridorlist.productlist_1.thumbnailproduct_0.addproducttoshoppinglist/40652?t:ac=674"],["addProductToBasket_30","forceAjax","/rayon.productgridorlist.productlist_1.thumbnailproduct_0.addproducttobasket/1166?t:ac=674"],["addProductToShoppingList_31","forceAjax","/rayon.productgridorlist.productlist_1.thumbnailproduct_0.addproducttoshoppinglist/1166?t:ac=674"],["addProductToBasket_31","forceAjax","/rayon.productgridorlist.productlist_1.thumbnailproduct_0.addproducttobasket/52042?t:ac=674"],["addProductToShoppingList_32","forceAjax","/rayon.productgridorlist.productlist_1.thumbnailproduct_0.addproducttoshoppinglist/52042?t:ac=674"],["addProductToBasket_32","forceAjax","/rayon.productgridorlist.productlist_1.thumbnailproduct_0.addproducttobasket/24653?t:ac=674"],["addProductToShoppingList_33","forceAjax","/rayon.productgridorlist.productlist_1.thumbnailproduct_0.addproducttoshoppinglist/24653?t:ac=674"],["addProductToBasket_33","forceAjax","/rayon.productgridorlist.productlist_1.thumbnailproduct_0.addproducttobasket/37507?t:ac=674"],["addProductToShoppingList_34","forceAjax","/rayon.productgridorlist.productlist_1.thumbnailproduct_0.addproducttoshoppinglist/37507?t:ac=674"],["addProductToBasket_34","forceAjax","/rayon.productgridorlist.productlist_1.thumbnailproduct_0.addproducttobasket/3010?t:ac=674"],["addProductToShoppingList_35","forceAjax","/rayon.productgridorlist.productlist_1.thumbnailproduct_0.addproducttoshoppinglist/3010?t:ac=674"],["addProductToBasket_35","forceAjax","/rayon.productgridorlist.productlist_1.thumbnailproduct_0.addproducttobasket/37945?t:ac=674"],["addProductToShoppingList_36","forceAjax","/rayon.productgridorlist.productlist_1.thumbnailproduct_0.addproducttoshoppinglist/37945?t:ac=674"],["addProductToBasket_36","forceAjax","/rayon.productgridorlist.productlist_1.thumbnailproduct_0.addproducttobasket/51320?t:ac=674"],["addProductToShoppingList_37","forceAjax","/rayon.productgridorlist.productlist_1.thumbnailproduct_0.addproducttoshoppinglist/51320?t:ac=674"],["addProductToBasket_37","forceAjax","/rayon.productgridorlist.productlist_1.thumbnailproduct_0.addproducttobasket/51322?t:ac=674"],["addProductToShoppingList_38","forceAjax","/rayon.productgridorlist.productlist_1.thumbnailproduct_0.addproducttoshoppinglist/51322?t:ac=674"],["addProductToBasket_38","forceAjax","/rayon.productgridorlist.productlist_1.thumbnailproduct_0.addproducttobasket/51319?t:ac=674"],["addProductToShoppingList_39","forceAjax","/rayon.productgridorlist.productlist_1.thumbnailproduct_0.addproducttoshoppinglist/51319?t:ac=674"],["addProductToBasket_39","forceAjax","/rayon.productgridorlist.productlist_1.thumbnailproduct_0.addproducttobasket/61039?t:ac=674"],["addProductToShoppingList_40","forceAjax","/rayon.productgridorlist.productlist_1.thumbnailproduct_0.addproducttoshoppinglist/61039?t:ac=674"],["addProductToBasket_40","forceAjax","/rayon.productgridorlist.productlist_1.thumbnailproduct_0.addproducttobasket/1159?t:ac=674"],["addProductToShoppingList_41","forceAjax","/rayon.productgridorlist.productlist_1.thumbnailproduct_0.addproducttoshoppinglist/1159?t:ac=674"],["addProductToBasket_41","forceAjax","/rayon.productgridorlist.productlist_1.thumbnailproduct_0.addproducttobasket/1230?t:ac=674"],["addProductToShoppingList_42","forceAjax","/rayon.productgridorlist.productlist_1.thumbnailproduct_0.addproducttoshoppinglist/1230?t:ac=674"],["addProductToBasket_42","forceAjax","/rayon.productgridorlist.productlist_1.thumbnailproduct_0.addproducttobasket/1160?t:ac=674"],["addProductToShoppingList_43","forceAjax","/rayon.productgridorlist.productlist_1.thumbnailproduct_0.addproducttoshoppinglist/1160?t:ac=674"],["addProductToBasket_43","forceAjax","/rayon.productgridorlist.productlist_1.thumbnailproduct_0.addproducttobasket/40583?t:ac=674"],["addProductToShoppingList_44","forceAjax","/rayon.productgridorlist.productlist_1.thumbnailproduct_0.addproducttoshoppinglist/40583?t:ac=674"],["addProductToBasket_44","forceAjax","/rayon.productgridorlist.productlist_1.thumbnailproduct_0.addproducttobasket/41863?t:ac=674"],["addProductToShoppingList_45","forceAjax","/rayon.productgridorlist.productlist_1.thumbnailproduct_0.addproducttoshoppinglist/41863?t:ac=674"],["addProductToShoppingList_46","forceAjax","/rayon.productgridorlist.productlist_1.thumbnailproduct_0.addproducttoshoppinglist/1267?t:ac=674"],["addProductToBasket_45","forceAjax","/rayon.productgridorlist.productlist_1.thumbnailproduct_0.addproducttobasket/3000?t:ac=674"],["addProductToShoppingList_47","forceAjax","/rayon.productgridorlist.productlist_1.thumbnailproduct_0.addproducttoshoppinglist/3000?t:ac=674"],["addProductToBasket_46","forceAjax","/rayon.productgridorlist.productlist_1.thumbnailproduct_0.addproducttobasket/40631?t:ac=674"],["addProductToShoppingList_48","forceAjax","/rayon.productgridorlist.productlist_1.thumbnailproduct_0.addproducttoshoppinglist/40631?t:ac=674"],["addProductToBasket_47","forceAjax","/rayon.productgridorlist.productlist_1.thumbnailproduct_0.addproducttobasket/41216?t:ac=674"],["addProductToShoppingList_49","forceAjax","/rayon.productgridorlist.productlist_1.thumbnailproduct_0.addproducttoshoppinglist/41216?t:ac=674"],["addProductToBasket_48","forceAjax","/rayon.productgridorlist.productlist_1.thumbnailproduct_0.addproducttobasket/42389?t:ac=674"],["addProductToShoppingList_50","forceAjax","/rayon.productgridorlist.productlist_1.thumbnailproduct_0.addproducttoshoppinglist/42389?t:ac=674"],["addProductToBasket_49","forceAjax","/rayon.productgridorlist.productlist_1.thumbnailproduct_0.addproducttobasket/52234?t:ac=674"],["addProductToShoppingList_51","forceAjax","/rayon.productgridorlist.productlist_1.thumbnailproduct_0.addproducttoshoppinglist/52234?t:ac=674"],["addProductToBasket_50","forceAjax","/rayon.productgridorlist.productlist_1.thumbnailproduct_0.addproducttobasket/56390?t:ac=674"],["addProductToShoppingList_52","forceAjax","/rayon.productgridorlist.productlist_1.thumbnailproduct_0.addproducttoshoppinglist/56390?t:ac=674"],["addProductToBasket_51","forceAjax","/rayon.productgridorlist.productlist_1.thumbnailproduct_0.addproducttobasket/74808?t:ac=674"],["addProductToShoppingList_53","forceAjax","/rayon.productgridorlist.productlist_1.thumbnailproduct_0.addproducttoshoppinglist/74808?t:ac=674"],["addProductToBasket_52","forceAjax","/rayon.productgridorlist.productlist_1.thumbnailproduct_0.addproducttobasket/78527?t:ac=674"],["addProductToShoppingList_54","forceAjax","/rayon.productgridorlist.productlist_1.thumbnailproduct_0.addproducttoshoppinglist/78527?t:ac=674"],["addProductToBasket_53","forceAjax","/rayon.productgridorlist.productlist_1.thumbnailproduct_0.addproducttobasket/61444?t:ac=674"],["addProductToShoppingList_55","forceAjax","/rayon.productgridorlist.productlist_1.thumbnailproduct_0.addproducttoshoppinglist/61444?t:ac=674"],["addProductToBasket_54","forceAjax","/rayon.productgridorlist.productlist_1.thumbnailproduct_0.addproducttobasket/78567?t:ac=674"],["addProductToShoppingList_56","forceAjax","/rayon.productgridorlist.productlist_1.thumbnailproduct_0.addproducttoshoppinglist/78567?t:ac=674"],["addProductToBasket_55","forceAjax","/rayon.productgridorlist.productlist_1.thumbnailproduct_0.addproducttobasket/35648?t:ac=674"],["addProductToShoppingList_57","forceAjax","/rayon.productgridorlist.productlist_1.thumbnailproduct_0.addproducttoshoppinglist/35648?t:ac=674"],["addProductToBasket_56","forceAjax","/rayon.productgridorlist.productlist_1.thumbnailproduct_0.addproducttobasket/35649?t:ac=674"],["addProductToShoppingList_58","forceAjax","/rayon.productgridorlist.productlist_1.thumbnailproduct_0.addproducttoshoppinglist/35649?t:ac=674"],["addProductToShoppingList_59","forceAjax","/rayon.productgridorlist.productlist_1.thumbnailproduct_0.addproducttoshoppinglist/78392?t:ac=674"],["addProductToBasket_57","forceAjax","/rayon.productgridorlist.productlist_1.thumbnailproduct_0.addproducttobasket/77124?t:ac=674"],["addProductToShoppingList_60","forceAjax","/rayon.productgridorlist.productlist_1.thumbnailproduct_0.addproducttoshoppinglist/77124?t:ac=674"],["addProductToBasket_58","forceAjax","/rayon.productgridorlist.productlist_1.thumbnailproduct_0.addproducttobasket/60400?t:ac=674"],["addProductToShoppingList_61","forceAjax","/rayon.productgridorlist.productlist_1.thumbnailproduct_0.addproducttoshoppinglist/60400?t:ac=674"],["addProductToBasket_59","forceAjax","/rayon.productgridorlist.productlist_1.thumbnailproduct_0.addproducttobasket/35542?t:ac=674"],["addProductToShoppingList_62","forceAjax","/rayon.productgridorlist.productlist_1.thumbnailproduct_0.addproducttoshoppinglist/35542?t:ac=674"],["addProductToBasket_60","forceAjax","/rayon.productgridorlist.productlist_1.thumbnailproduct_0.addproducttobasket/52373?t:ac=674"],["addProductToShoppingList_63","forceAjax","/rayon.productgridorlist.productlist_1.thumbnailproduct_0.addproducttoshoppinglist/52373?t:ac=674"],["addProductToBasket_61","forceAjax","/rayon.productgridorlist.productlist_1.thumbnailproduct_0.addproducttobasket/51891?t:ac=674"],["addProductToShoppingList_64","forceAjax","/rayon.productgridorlist.productlist_1.thumbnailproduct_0.addproducttoshoppinglist/51891?t:ac=674"],["addProductToBasket_62","forceAjax","/rayon.productgridorlist.productlist_1.thumbnailproduct_0.addproducttobasket/101063?t:ac=674"],["addProductToShoppingList_65","forceAjax","/rayon.productgridorlist.productlist_1.thumbnailproduct_0.addproducttoshoppinglist/101063?t:ac=674"],["addProductToBasket_63","forceAjax","/rayon.productgridorlist.productlist_1.thumbnailproduct_0.addproducttobasket/100260?t:ac=674"],["addProductToShoppingList_66","forceAjax","/rayon.productgridorlist.productlist_1.thumbnailproduct_0.addproducttoshoppinglist/100260?t:ac=674"],["addProductToBasket_64","forceAjax","/rayon.productgridorlist.productlist_1.thumbnailproduct_0.addproducttobasket/28459?t:ac=674"],["addProductToShoppingList_67","forceAjax","/rayon.productgridorlist.productlist_1.thumbnailproduct_0.addproducttoshoppinglist/28459?t:ac=674"],["addProductToBasket_65","forceAjax","/rayon.productgridorlist.productlist_1.thumbnailproduct_0.addproducttobasket/100209?t:ac=674"],["addProductToShoppingList_68","forceAjax","/rayon.productgridorlist.productlist_1.thumbnailproduct_0.addproducttoshoppinglist/100209?t:ac=674"],["addProductToBasket_66","forceAjax","/rayon.productgridorlist.productlist_1.thumbnailproduct_0.addproducttobasket/3008?t:ac=674"],["addProductToShoppingList_69","forceAjax","/rayon.productgridorlist.productlist_1.thumbnailproduct_0.addproducttoshoppinglist/3008?t:ac=674"],["addProductToBasket_67","forceAjax","/rayon.productgridorlist.productlist_1.thumbnailproduct_0.addproducttobasket/39252?t:ac=674"],["addProductToShoppingList_70","forceAjax","/rayon.productgridorlist.productlist_1.thumbnailproduct_0.addproducttoshoppinglist/39252?t:ac=674"],["addProductToBasket_68","forceAjax","/rayon.productgridorlist.productlist_1.thumbnailproduct_0.addproducttobasket/7445?t:ac=674"],["addProductToShoppingList_71","forceAjax","/rayon.productgridorlist.productlist_1.thumbnailproduct_0.addproducttoshoppinglist/7445?t:ac=674"],["addProductToBasket_69","forceAjax","/rayon.productgridorlist.productlist_1.thumbnailproduct_0.addproducttobasket/61179?t:ac=674"],["addProductToShoppingList_72","forceAjax","/rayon.productgridorlist.productlist_1.thumbnailproduct_0.addproducttoshoppinglist/61179?t:ac=674"],["addProductToShoppingList_73","forceAjax","/rayon.productgridorlist.productlist_1.thumbnailproduct_0.addproducttoshoppinglist/39259?t:ac=674"],["addProductToShoppingList_74","forceAjax","/rayon.productgridorlist.productlist_1.thumbnailproduct_0.addproducttoshoppinglist/101047?t:ac=674"],["addProductToBasket_70","forceAjax","/rayon.productgridorlist.productlist_1.thumbnailproduct_0.addproducttobasket/57256?t:ac=674"],["addProductToShoppingList_75","forceAjax","/rayon.productgridorlist.productlist_1.thumbnailproduct_0.addproducttoshoppinglist/57256?t:ac=674"],["addProductToBasket_71","forceAjax","/rayon.productgridorlist.productlist_1.thumbnailproduct_0.addproducttobasket/100536?t:ac=674"],["addProductToShoppingList_76","forceAjax","/rayon.productgridorlist.productlist_1.thumbnailproduct_0.addproducttoshoppinglist/100536?t:ac=674"],["addProductToBasket_72","forceAjax","/rayon.productgridorlist.productlist_1.thumbnailproduct_0.addproducttobasket/3003?t:ac=674"],["addProductToShoppingList_77","forceAjax","/rayon.productgridorlist.productlist_1.thumbnailproduct_0.addproducttoshoppinglist/3003?t:ac=674"],["addProductToBasket_73","forceAjax","/rayon.productgridorlist.productlist_1.thumbnailproduct_0.addproducttobasket/100257?t:ac=674"],["addProductToShoppingList_78","forceAjax","/rayon.productgridorlist.productlist_1.thumbnailproduct_0.addproducttoshoppinglist/100257?t:ac=674"],["addProductToBasket_74","forceAjax","/rayon.productgridorlist.productlist_1.thumbnailproduct_0.addproducttobasket/39264?t:ac=674"],["addProductToShoppingList_79","forceAjax","/rayon.productgridorlist.productlist_1.thumbnailproduct_0.addproducttoshoppinglist/39264?t:ac=674"],["addProductToBasket_75","forceAjax","/rayon.productgridorlist.productlist_1.thumbnailproduct_0.addproducttobasket/37924?t:ac=674"],["addProductToShoppingList_80","forceAjax","/rayon.productgridorlist.productlist_1.thumbnailproduct_0.addproducttoshoppinglist/37924?t:ac=674"],["addProductToBasket_76","forceAjax","/rayon.productgridorlist.productlist_1.thumbnailproduct_0.addproducttobasket/100713?t:ac=674"],["addProductToShoppingList_81","forceAjax","/rayon.productgridorlist.productlist_1.thumbnailproduct_0.addproducttoshoppinglist/100713?t:ac=674"],["addProductToBasket_77","forceAjax","/rayon.productgridorlist.productlist_1.thumbnailproduct_0.addproducttobasket/39215?t:ac=674"],["addProductToShoppingList_82","forceAjax","/rayon.productgridorlist.productlist_1.thumbnailproduct_0.addproducttoshoppinglist/39215?t:ac=674"],["addProductToBasket_78","forceAjax","/rayon.productgridorlist.productlist_1.thumbnailproduct_0.addproducttobasket/44320?t:ac=674"],["addProductToShoppingList_83","forceAjax","/rayon.productgridorlist.productlist_1.thumbnailproduct_0.addproducttoshoppinglist/44320?t:ac=674"],["addProductToBasket_79","forceAjax","/rayon.productgridorlist.productlist_1.thumbnailproduct_0.addproducttobasket/100535?t:ac=674"],["addProductToShoppingList_84","forceAjax","/rayon.productgridorlist.productlist_1.thumbnailproduct_0.addproducttoshoppinglist/100535?t:ac=674"],["addProductToBasket_80","forceAjax","/rayon.productgridorlist.productlist_1.thumbnailproduct_0.addproducttobasket/100712?t:ac=674"],["addProductToShoppingList_85","forceAjax","/rayon.productgridorlist.productlist_1.thumbnailproduct_0.addproducttoshoppinglist/100712?t:ac=674"],["addProductToBasket_81","forceAjax","/rayon.productgridorlist.productlist_1.thumbnailproduct_0.addproducttobasket/39265?t:ac=674"],["addProductToShoppingList_86","forceAjax","/rayon.productgridorlist.productlist_1.thumbnailproduct_0.addproducttoshoppinglist/39265?t:ac=674"],["addProductToBasket_82","forceAjax","/rayon.productgridorlist.productlist_1.thumbnailproduct_0.addproducttobasket/3004?t:ac=674"],["addProductToShoppingList_87","forceAjax","/rayon.productgridorlist.productlist_1.thumbnailproduct_0.addproducttoshoppinglist/3004?t:ac=674"],["addProductToBasket_83","forceAjax","/rayon.productgridorlist.productlist_1.thumbnailproduct_0.addproducttobasket/39250?t:ac=674"],["addProductToShoppingList_88","forceAjax","/rayon.productgridorlist.productlist_1.thumbnailproduct_0.addproducttoshoppinglist/39250?t:ac=674"],["addProductToBasket_84","forceAjax","/rayon.productgridorlist.productlist_1.thumbnailproduct_0.addproducttobasket/39606?t:ac=674"],["addProductToShoppingList_89","forceAjax","/rayon.productgridorlist.productlist_1.thumbnailproduct_0.addproducttoshoppinglist/39606?t:ac=674"],["addProductToBasket_85","forceAjax","/rayon.productgridorlist.productlist_1.thumbnailproduct_0.addproducttobasket/59316?t:ac=674"],["addProductToShoppingList_90","forceAjax","/rayon.productgridorlist.productlist_1.thumbnailproduct_0.addproducttoshoppinglist/59316?t:ac=674"],["addProductToBasket_86","forceAjax","/rayon.productgridorlist.productlist_1.thumbnailproduct_0.addproducttobasket/32407?t:ac=674"],["addProductToShoppingList_91","forceAjax","/rayon.productgridorlist.productlist_1.thumbnailproduct_0.addproducttoshoppinglist/32407?t:ac=674"],["addProductToBasket_87","forceAjax","/rayon.productgridorlist.productlist_1.thumbnailproduct_0.addproducttobasket/41949?t:ac=674"],["addProductToShoppingList_92","forceAjax","/rayon.productgridorlist.productlist_1.thumbnailproduct_0.addproducttoshoppinglist/41949?t:ac=674"],["addProductToBasket_88","forceAjax","/rayon.productgridorlist.productlist_1.thumbnailproduct_0.addproducttobasket/42098?t:ac=674"],["addProductToShoppingList_93","forceAjax","/rayon.productgridorlist.productlist_1.thumbnailproduct_0.addproducttoshoppinglist/42098?t:ac=674"],["addProductToShoppingList_94","forceAjax","/rayon.productgridorlist.productlist_1.thumbnailproduct_0.addproducttoshoppinglist/57257?t:ac=674"],["addProductToBasket_89","forceAjax","/rayon.productgridorlist.productlist_1.thumbnailproduct_0.addproducttobasket/38805?t:ac=674"],["addProductToShoppingList_95","forceAjax","/rayon.productgridorlist.productlist_1.thumbnailproduct_0.addproducttoshoppinglist/38805?t:ac=674"],["addProductToBasket_90","forceAjax","/rayon.productgridorlist.productlist_1.thumbnailproduct_0.addproducttobasket/40488?t:ac=674"],["addProductToShoppingList_96","forceAjax","/rayon.productgridorlist.productlist_1.thumbnailproduct_0.addproducttoshoppinglist/40488?t:ac=674"],["addProductToBasket_91","forceAjax","/rayon.productgridorlist.productlist_1.thumbnailproduct_0.addproducttobasket/47170?t:ac=674"],["addProductToShoppingList_97","forceAjax","/rayon.productgridorlist.productlist_1.thumbnailproduct_0.addproducttoshoppinglist/47170?t:ac=674"],["addProductToBasket_92","forceAjax","/rayon.productgridorlist.productlist_1.thumbnailproduct_0.addproducttobasket/37923?t:ac=674"],["addProductToShoppingList_98","forceAjax","/rayon.productgridorlist.productlist_1.thumbnailproduct_0.addproducttoshoppinglist/37923?t:ac=674"],["addProductToBasket_93","forceAjax","/rayon.productgridorlist.productlist_1.thumbnailproduct_0.addproducttobasket/1689?t:ac=674"],["addProductToShoppingList_99","forceAjax","/rayon.productgridorlist.productlist_1.thumbnailproduct_0.addproducttoshoppinglist/1689?t:ac=674"],["addProductToBasket_94","forceAjax","/rayon.productgridorlist.productlist_1.thumbnailproduct_0.addproducttobasket/1790?t:ac=674"],["addProductToShoppingList_100","forceAjax","/rayon.productgridorlist.productlist_1.thumbnailproduct_0.addproducttoshoppinglist/1790?t:ac=674"],["addProductToBasket_95","forceAjax","/rayon.productgridorlist.productlist_1.thumbnailproduct_0.addproducttobasket/59193?t:ac=674"],["addProductToShoppingList_101","forceAjax","/rayon.productgridorlist.productlist_1.thumbnailproduct_0.addproducttoshoppinglist/59193?t:ac=674"],["addProductToBasket_96","forceAjax","/rayon.productgridorlist.productlist_1.thumbnailproduct_0.addproducttobasket/60401?t:ac=674"],["addProductToShoppingList_102","forceAjax","/rayon.productgridorlist.productlist_1.thumbnailproduct_0.addproducttoshoppinglist/60401?t:ac=674"],["addProductToBasket_97","forceAjax","/rayon.productgridorlist.productlist_1.thumbnailproduct_0.addproducttobasket/92274?t:ac=674"],["addProductToShoppingList_103","forceAjax","/rayon.productgridorlist.productlist_1.thumbnailproduct_0.addproducttoshoppinglist/92274?t:ac=674"],["addProductToBasket_98","forceAjax","/rayon.productgridorlist.productlist_1.thumbnailproduct_0.addproducttobasket/100134?t:ac=674"],["addProductToShoppingList_104","forceAjax","/rayon.productgridorlist.productlist_1.thumbnailproduct_0.addproducttoshoppinglist/100134?t:ac=674"],["addProductToBasket_99","forceAjax","/rayon.productgridorlist.productlist_1.thumbnailproduct_0.addproducttobasket/50100?t:ac=674"],["addProductToShoppingList_105","forceAjax","/rayon.productgridorlist.productlist_1.thumbnailproduct_0.addproducttoshoppinglist/50100?t:ac=674"],["addProductToBasket_100","forceAjax","/rayon.productgridorlist.productlist_1.thumbnailproduct_0.addproducttobasket/58894?t:ac=674"],["addProductToShoppingList_106","forceAjax","/rayon.productgridorlist.productlist_1.thumbnailproduct_0.addproducttoshoppinglist/58894?t:ac=674"],["addProductToBasket_101","forceAjax","/rayon.productgridorlist.productlist_1.thumbnailproduct_0.addproducttobasket/40006?t:ac=674"],["addProductToShoppingList_107","forceAjax","/rayon.productgridorlist.productlist_1.thumbnailproduct_0.addproducttoshoppinglist/40006?t:ac=674"],["addProductToBasket_102","forceAjax","/rayon.productgridorlist.productlist_1.thumbnailproduct_0.addproducttobasket/3007?t:ac=674"],["addProductToShoppingList_108","forceAjax","/rayon.productgridorlist.productlist_1.thumbnailproduct_0.addproducttoshoppinglist/3007?t:ac=674"],["addProductToBasket_103","forceAjax","/rayon.productgridorlist.productlist_1.thumbnailproduct_0.addproducttobasket/76513?t:ac=674"],["addProductToShoppingList_109","forceAjax","/rayon.productgridorlist.productlist_1.thumbnailproduct_0.addproducttoshoppinglist/76513?t:ac=674"],["addProductToBasket_104","forceAjax","/rayon.productgridorlist.productlist_1.thumbnailproduct_0.addproducttobasket/60399?t:ac=674"],["addProductToShoppingList_110","forceAjax","/rayon.productgridorlist.productlist_1.thumbnailproduct_0.addproducttoshoppinglist/60399?t:ac=674"],["addProductToBasket_105","forceAjax","/rayon.productgridorlist.productlist_1.thumbnailproduct_0.addproducttobasket/39838?t:ac=674"],["addProductToShoppingList_111","forceAjax","/rayon.productgridorlist.productlist_1.thumbnailproduct_0.addproducttoshoppinglist/39838?t:ac=674"],["addProductToBasket_106","forceAjax","/rayon.productgridorlist.productlist_1.thumbnailproduct_0.addproducttobasket/46633?t:ac=674"],["addProductToShoppingList_112","forceAjax","/rayon.productgridorlist.productlist_1.thumbnailproduct_0.addproducttoshoppinglist/46633?t:ac=674"],["addProductToBasket_107","forceAjax","/rayon.productgridorlist.productlist_1.thumbnailproduct_0.addproducttobasket/39823?t:ac=674"],["addProductToShoppingList_113","forceAjax","/rayon.productgridorlist.productlist_1.thumbnailproduct_0.addproducttoshoppinglist/39823?t:ac=674"],["addProductToBasket_108","forceAjax","/rayon.productgridorlist.productlist_1.thumbnailproduct_0.addproducttobasket/20773?t:ac=674"],["addProductToShoppingList_114","forceAjax","/rayon.productgridorlist.productlist_1.thumbnailproduct_0.addproducttoshoppinglist/20773?t:ac=674"],["addProductToBasket_109","forceAjax","/rayon.productgridorlist.productlist_1.thumbnailproduct_0.addproducttobasket/39603?t:ac=674"],["addProductToShoppingList_115","forceAjax","/rayon.productgridorlist.productlist_1.thumbnailproduct_0.addproducttoshoppinglist/39603?t:ac=674"],["addProductToBasket_110","forceAjax","/rayon.productgridorlist.productlist_1.thumbnailproduct_0.addproducttobasket/1265?t:ac=674"],["addProductToShoppingList_116","forceAjax","/rayon.productgridorlist.productlist_1.thumbnailproduct_0.addproducttoshoppinglist/1265?t:ac=674"],["addProductToBasket_111","forceAjax","/rayon.productgridorlist.productlist_1.thumbnailproduct_0.addproducttobasket/39839?t:ac=674"],["addProductToShoppingList_117","forceAjax","/rayon.productgridorlist.productlist_1.thumbnailproduct_0.addproducttoshoppinglist/39839?t:ac=674"],["addProductToBasket_112","forceAjax","/rayon.productgridorlist.productlist_1.thumbnailproduct_0.addproducttobasket/100093?t:ac=674"],["addProductToShoppingList_118","forceAjax","/rayon.productgridorlist.productlist_1.thumbnailproduct_0.addproducttoshoppinglist/100093?t:ac=674"],["addProductToBasket_113","forceAjax","/rayon.productgridorlist.productlist_1.thumbnailproduct_0.addproducttobasket/100094?t:ac=674"],["addProductToShoppingList_119","forceAjax","/rayon.productgridorlist.productlist_1.thumbnailproduct_0.addproducttoshoppinglist/100094?t:ac=674"],["addProductToBasket_114","forceAjax","/rayon.productgridorlist.productlist_1.thumbnailproduct_0.addproducttobasket/1996?t:ac=674"],["addProductToShoppingList_120","forceAjax","/rayon.productgridorlist.productlist_1.thumbnailproduct_0.addproducttoshoppinglist/1996?t:ac=674"],["addProductToBasket_115","forceAjax","/rayon.productgridorlist.productlist_1.thumbnailproduct_0.addproducttobasket/7231?t:ac=674"],["addProductToShoppingList_121","forceAjax","/rayon.productgridorlist.productlist_1.thumbnailproduct_0.addproducttoshoppinglist/7231?t:ac=674"],["addProductToBasket_116","forceAjax","/rayon.productgridorlist.productlist_1.thumbnailproduct_0.addproducttobasket/1997?t:ac=674"],["addProductToShoppingList_122","forceAjax","/rayon.productgridorlist.productlist_1.thumbnailproduct_0.addproducttoshoppinglist/1997?t:ac=674"],["addProductToBasket_117","forceAjax","/rayon.productgridorlist.productlist_1.thumbnailproduct_0.addproducttobasket/1998?t:ac=674"],["addProductToShoppingList_123","forceAjax","/rayon.productgridorlist.productlist_1.thumbnailproduct_0.addproducttoshoppinglist/1998?t:ac=674"],["addProductToBasket_118","forceAjax","/rayon.productgridorlist.productlist_1.thumbnailproduct_0.addproducttobasket/4526?t:ac=674"],["addProductToShoppingList_124","forceAjax","/rayon.productgridorlist.productlist_1.thumbnailproduct_0.addproducttoshoppinglist/4526?t:ac=674"],["addProductToBasket_119","forceAjax","/rayon.productgridorlist.productlist_1.thumbnailproduct_0.addproducttobasket/45502?t:ac=674"],["addProductToShoppingList_125","forceAjax","/rayon.productgridorlist.productlist_1.thumbnailproduct_0.addproducttoshoppinglist/45502?t:ac=674"],["addProductToBasket_120","forceAjax","/rayon.productgridorlist.productlist_1.thumbnailproduct_0.addproducttobasket/100256?t:ac=674"],["addProductToShoppingList_126","forceAjax","/rayon.productgridorlist.productlist_1.thumbnailproduct_0.addproducttoshoppinglist/100256?t:ac=674"],["addProductToBasket_121","forceAjax","/rayon.productgridorlist.productlist_1.thumbnailproduct_0.addproducttobasket/1765?t:ac=674"],["addProductToShoppingList_127","forceAjax","/rayon.productgridorlist.productlist_1.thumbnailproduct_0.addproducttoshoppinglist/1765?t:ac=674"],["addProductToBasket_122","forceAjax","/rayon.productgridorlist.productlist_1.thumbnailproduct_0.addproducttobasket/1764?t:ac=674"],["addProductToShoppingList_128","forceAjax","/rayon.productgridorlist.productlist_1.thumbnailproduct_0.addproducttoshoppinglist/1764?t:ac=674"],["addProductToBasket_123","forceAjax","/rayon.productgridorlist.productlist_1.thumbnailproduct_0.addproducttobasket/38043?t:ac=674"],["addProductToShoppingList_129","forceAjax","/rayon.productgridorlist.productlist_1.thumbnailproduct_0.addproducttoshoppinglist/38043?t:ac=674"],["addProductToBasket_124","forceAjax","/rayon.productgridorlist.productlist_1.thumbnailproduct_0.addproducttobasket/38044?t:ac=674"],["addProductToShoppingList_130","forceAjax","/rayon.productgridorlist.productlist_1.thumbnailproduct_0.addproducttoshoppinglist/38044?t:ac=674"],["addProductToBasket_125","forceAjax","/rayon.productgridorlist.productlist_1.thumbnailproduct_0.addproducttobasket/74650?t:ac=674"],["addProductToShoppingList_131","forceAjax","/rayon.productgridorlist.productlist_1.thumbnailproduct_0.addproducttoshoppinglist/74650?t:ac=674"],["addProductToBasket_126","forceAjax","/rayon.productgridorlist.productlist_1.thumbnailproduct_0.addproducttobasket/72296?t:ac=674"],["addProductToShoppingList_132","forceAjax","/rayon.productgridorlist.productlist_1.thumbnailproduct_0.addproducttoshoppinglist/72296?t:ac=674"],["suggestionPopup","forceAjax","/rayon.suggestionpopup?t:ac=674"],["eventlink","forceAjax","/rayon.customerinfos:showsigninpopup?t:ac=674"],["registerPopup","forceAjax","/rayon.customerinfos.registerpopup?t:ac=674"],["popupAuth","forceAjax","/rayon.customerinfos.popupauth?t:ac=674"],["showSlotTab","forceAjax","/rayon.customerinfos.slotinfo.showslottab?t:ac=674"],["basket","forceAjax","/rayon.customerinfos.basket?t:ac=674"],["lists","forceAjax","/rayon.customerinfos.lists?t:ac=674"],["topBasket","forceAjax","/rayon.customerinfos.topbasket?t:ac=674"],["validateBasket","forceAjax","/rayon.customerinfos.minibasket.validatebasket?t:ac=674"],["closeButtonHk","forceAjax","/rayon.pagetemplate.fancycloseprovidergabarit.closebuttonhk?t:ac=674"]],"zone":[{"update":"show","element":"dynamicCssArea"},{"update":"show","element":"headerListZone"},{"update":"show","element":"productDisplayTypeZone"},{"update":"show","element":"labelZone"},{"update":"show","element":"moreProductListZone"},{"update":"show","element":"productListZone"},{"update":"show","element":"slotInfoZone"},{"update":"show","element":"accountSummaryTabContentZone"},{"update":"show","element":"completeMiniBasketZone"},{"update":"show","element":"miniBasket"},{"update":"show","element":"popupZone"},{"update":"show","element":"secondPopupZone"},{"update":"show","element":"closePopupZone"},"forceAjax"]});
});
</script></body></html>