<!DOCTYPE html PUBLIC "-//W3C//DTD XHTML 1.0 Strict//EN" "http://www.w3.org/TR/xhtml1/DTD/xhtml1-strict.dtd"><html xmlns="http://www.w3.org/1999/xhtml"><head><meta content="text/html; charset=utf-8" http-equiv="content-type"></meta><title>Vente Les pièces du Boucher en ligne - Auchandirect.fr</title><!-- correction d'un bug de compatibilité tapestry/IE9 --><meta content="IE=EmulateIE8" http-equiv="X-UA-Compatible"></meta><meta content="Faites vos courses en ligne sur Auchandirect.fr! Les pièces du Boucher en livraison 24h dans les régions de Paris, Lyon, Marseille, Toulouse et Lille." name="description"></meta><meta content="index, follow" name="robots"></meta><meta content="0" http-equiv="expires"></meta><meta content="no-cache" http-equiv="pragma"></meta><meta content="no-store, no-cache, must-revalidate" http-equiv="cache-control"></meta><link href="http://www.auchandirect.fr/static/css/styles.css" rel="stylesheet" type="text/css"></link><link href="http://www.auchandirect.fr/static/css/style-new.css" rel="stylesheet" type="text/css"></link><link href="http://www.auchandirect.fr/static/css/rayon.css" rel="stylesheet" type="text/css"></link><div class="t-zone" id="dynamicCssArea"></div><!--[if IE]><link media="all" type="text/css" href="/static/css/style-ie.css" rel="stylesheet"></link><![endif]--><link media="screen" href="http://www.auchandirect.fr/static/fancybox/jquery.fancybox-1.3.4.css" type="text/css" rel="stylesheet"></link><script src="http://www.auchandirect.fr/assets/scriptaculous/5.1.0.5/prototype.js" type="text/javascript"></script><script src="http://www.auchandirect.fr/assets/scriptaculous/5.1.0.5/scriptaculous.js" type="text/javascript"></script><script src="http://www.auchandirect.fr/assets/scriptaculous/5.1.0.5/effects.js" type="text/javascript"></script><script src="http://www.auchandirect.fr/assets/tapestry/5.1.0.5/tapestry.js" type="text/javascript"></script><script src="http://www.auchandirect.fr/assets/tapestry/5.1.0.5/tapestry-messages.js" type="text/javascript"></script><script src="http://www.auchandirect.fr/assets/ctx/296dafb4649acaf9/static/scripts/tapestry-patch.js" type="text/javascript"></script><script src="http://www.auchandirect.fr/assets/ctx/296dafb4649acaf9/static/scripts/ZoneUpdater.js" type="text/javascript"></script><script language="javascript" type="text/javascript">
// Déclaration en amont du système de binding d'event
function bindEvent(el, eventName, eventHandler) {
if (el.addEventListener){
el.addEventListener(eventName, eventHandler, false);
} else if (el.attachEvent){
el.attachEvent('on'+eventName, eventHandler);
}
}
</script><script src="http://www.auchandirect.fr/assets/ctx/296dafb4649acaf9/static/scripts/tapestry.piefix.js" type="text/javascript"></script><script type="text/javascript" language="javascript">
bindEvent(window,"load",function(){
var j = jQuery.noConflict();
j(function() {
j("#foo2").carouFredSel({
circular: true,
infinite: false,
auto : true,
scroll : {
items : "page"
},
prev : {
button : "#foo2_prev",
key : "left"
},
next : {
button : "#foo2_next",
key : "right"
},
pagination : "#foo2_pag"
});
if($(".caroufredsel_wrapper")!=null)
$(".caroufredsel_wrapper").css({
'height': '246px'
});
if($(".page_famille_carrousel")!=null)
$(".page_famille_carrousel").css({
'overflow': 'hidden'
});
});
})
</script></head><body style="background : url('https://www.auchandirect.fr/static/MOISANNIV1.jpg') no-repeat;
background-position : top center;
"><div class="fiche-produit" id="page"><div id="tetiere"><div id="logo"><!-- HEADER_LOGO --><div id="logo">
<a href="../../../../index.html" title="accueil"><img src="http://www.auchandirect.fr/static/auchan_logo.jpg" alt="Accueil" width="365" height="105" /></a>
</div>
</div><div id="pub"><?xml version="1.0" encoding="UTF-8"?><a  href="../../../../commander/identification.pagetemplate.fancycloseprovidergabarit.closebuttonhk.html"  title="Inscrivez-vous et bénéficiez de la 1ere livraison offerte avec le code BIENVENUE dès 120€ d'achats"><img src="http://www.auchandirect.fr/img/display/000/000/530/5301.jpg" /></a>
</div><!-- HEADER_HAUT_DROIT --><div id="newsletter"><h3>Newsletter </h3><a id="newsLetterPopup" onclick="javascript:Tapestry.waitForPage(event);" href="http://www.auchandirect.fr/rayon.pagetemplate.header.headertop.newsletterpopup?t:ac=431977">Inscrivez-vous vite !</a></div></div><div id="menu-top"><div id="menu-promos"><ul class="menu menu-horizontal"><li><a title="promos" class="menu-top-promos" href="../../../../rayon.pagetemplate.fancycloseprovidergabarit.closebuttonhk%3Ft:ac=promos.html">Promotions</a></li><li><a title="nouveautes" class="menu-top-nouveautes" href="../../../../nouveaut%25C3%25A9s/id0/nouveautes.html">Nouveautés</a></li></ul></div><div id="bloc-recherche"><form onsubmit="javascript:Tapestry.waitForPage(event);" action="http://www.auchandirect.fr/rayon.pagetemplate.header.headermenutop.searchform" method="post" id="searchForm" name="searchForm"><div class="t-invisible"><input value="431977" name="t:ac" type="hidden"></input><input value="H4sIAAAAAAAAAJ2QoU4DQRBAp03A1JHwB2C3CGrAUAGqIaQXPmBub7jbZndn2Z2D1mD4DwyW8BMVOP6hhmCQoBBce3UkJEVNMsnMe3lPH7B1ewBqjDP2RwFLEnLBopCqCAuK6+HI18JBJcKoqxRhwLFUGFBXpAQDJYmzgdIcyZpc5ZhIDfNmiVrODNliLyOpw/7lvLfYffnuQmcEPc1eIttzdCSwM5rgDfYt+rKfSTS+PJ4Gge2W+C/H4aaOF5E1pZTVuTMpGfbz5+Lw6uvhtQswDRs5LF9I43Dyp4NmF9iTl6RWUPmt8LYYf96fPr63ychSg5Blsmu4g06baHX6A/6kTBjLAQAA" name="t:formdata" type="hidden"></input></div><div><input title="recherche" class="texte-recherche" value="Rechercher" id="search" name="search" type="text"></input><img id="search-icon" class="t-error-icon t-invisible" alt="" src="http://www.auchandirect.fr/assets/tapestry/5.1.0.5/spacer.gif"/><input value="OK" class="recherche-submit" name="submit" type="submit"></input></div></form></div></div><div id="menu" class="float-container"><ul id="menu-principal" class="menu menu-horizontal"><li><a class="first" title="RR1002" href="431977.html#">Marché</a><div class="hovered_big_menu" id="4042"><div class="menu-panel"><div class="menu-listes-container float-container"><div class="menu-listes"><ul class="menu menu-horizontal menu_left"><li><h3><a title="RR2007" rel="page-461" href="../../../../sousfamille.pagetemplate.fancycloseprovidergabarit.closebuttonhk%3Ft:ac=404%252F461.html">Fruits</a></h3><ul class="menu"><li><a href="../../../fruits/jus-de-fruits-frais/id0/100371.html">Jus de Fruits frais</a></li><li><a href="../../../fruits/fruits-de-saison/id0/592.html">Fruits de saison </a></li><li><a href="../../../fruits/agrumes/id0/444663.html">Agrumes</a></li><li><a href="../../../fruits/pommes,-poires/id0/593.html">Pommes, Poires</a></li><li><a href="../../../fruits/bananes,-fruits-exotiques/id0/589.html">Bananes, Fruits exotiques</a></li><li><a href="../../../fruits/fruits-%25C3%25A0-noyau,-raisins/id0/596.html">Fruits à Noyau, Raisins</a></li><li><a href="../../../fruits/fruits-rouges/id0/590.html">Fruits rouges</a></li><li><a href="../../../fruits/melons,-past%25C3%25A8ques/id0/594.html">Melons, Pastèques</a></li><li><a href="../../../fruits/fruits-secs-et-pr%25C3%25AAts-%25C3%25A0-l'emploi/id0/595.html">Fruits Secs et Prêts à l'Emploi</a></li></ul></li><li><h3><a title="RR2006" rel="page-463" href="../../../../id3/404/463.html">Légumes</a></h3><ul class="menu"><li><a href="../../../l%25C3%25A9gumes/l%25C3%25A9gumes-de-saison/id0/431975.html">Légumes de saison</a></li><li><a href="../../../l%25C3%25A9gumes/carottes,-poireaux,-navets,-potirons,-choux/id0/580.html">Carottes, Poireaux, Navets, Potirons, Choux</a></li><li><a href="../../../l%25C3%25A9gumes/pommes-de-terre/id0/584.html">Pommes de Terre</a></li><li><a href="../../../l%25C3%25A9gumes/salades,-endives,-herbes-aromatiques/id0/585.html">Salades, Endives, Herbes aromatiques</a></li><li><a href="../../../l%25C3%25A9gumes/avocats,-concombres,-radis,-celeris/id0/581.html">Avocats, Concombres, Radis, Celeris</a></li><li><a href="../../../l%25C3%25A9gumes/tomates/id0/82017.html">Tomates</a></li><li><a href="../../../l%25C3%25A9gumes/aubergines,-courgettes,-poivrons/id0/583.html">Aubergines, Courgettes, Poivrons</a></li><li><a href="../../../l%25C3%25A9gumes/l%25C3%25A9gumes-verts,-asperges,-champignons/id0/579.html">Légumes verts, Asperges, Champignons</a></li><li><a href="../../../l%25C3%25A9gumes/ails,-oignons,-echalotes/id0/587.html">Ails, Oignons, Echalotes</a></li><li><a href="../../../l%25C3%25A9gumes/soupes-fra%25C3%25AEches,-pr%25C3%25AAts-%25C3%25A0-l'emploi,-l%25C3%25A9gumes-secs/id0/588.html">Soupes Fraîches, Prêts à l'emploi, Légumes secs</a></li></ul></li><li><h3><a title="RR2009" rel="page-460" href="../../../../id3/404/460.html">Boucherie - Volaille</a></h3><ul class="menu"><li><a href="431977.html">Les pièces du Boucher</a></li><li><a href="../../b%25C5%2593uf/id0/601.html">Bœuf</a></li><li><a href="../../porc,-veau,-agneau/id0/600.html">Porc, Veau, Agneau</a></li><li><a href="../../poulet,-dinde,-autres-volailles/id0/603.html">Poulet, Dinde, Autres Volailles</a></li><li><a href="../../saucisse,-viandes-cuisin%25C3%25A9es,-snack,-sauce/id0/602.html">Saucisse, Viandes Cuisinées, Snack, Sauce</a></li><li><a href="../../steacks-hach%25C3%25A9s/id0/717040.html">Steacks Hachés</a></li></ul></li><li><h3><a title="RR2008" rel="page-462" href="../../../../id3/404/462.html">Produits de la mer</a></h3><ul class="menu"><li><a href="../../../produits-de-la-mer/poissons-frais,-fruits-de-mer,-poissons-pan%25C3%25A9s/id0/597.html">Poissons frais, Fruits de Mer, Poissons Panés</a></li><li><a href="../../../produits-de-la-mer/poissons-fum%25C3%25A9s/id0/82012.html">Poissons Fumés</a></li><li><a href="../../../produits-de-la-mer/produits-ap%25C3%25A9ritifs/id0/100366.html">Produits Apéritifs</a></li><li><a href="../../../produits-de-la-mer/surimis/id0/100363.html">Surimis</a></li></ul></li><li><h3><a title="RR3360" rel="page-100376" href="../../../../id3/404/100376.html">Pains - Viennoiseries</a></h3><ul class="menu"><li><a href="../../../pains---viennoiseries/pains,-pains-de-mie/id0/100377.html">Pains, Pains de mie</a></li><li><a href="../../../pains---viennoiseries/pains-%25C3%25A0-garnir/id0/431981.html">Pains à garnir</a></li><li><a href="../../../pains---viennoiseries/brioches-et-viennoiseries/id0/100381.html">Brioches et Viennoiseries</a></li></ul></li><li><h3><a title="Le Marché Bio" rel="page-653715" href="../../../../id3/404/653715.html">Le Marché Bio</a></h3><ul class="menu"><li><a href="../../../le-march%25C3%25A9-bio/fruits,-l%25C3%25A9gumes/id0/653716.html">Fruits, Légumes</a></li><li><a href="../../../le-march%25C3%25A9-bio/viandes,-volailles,-poissons/id0/653717.html">Viandes, Volailles, Poissons</a></li></ul></li></ul><?xml version="1.0" encoding="UTF-8"?><a href="../../../le-march%25C3%25A9-bio/fruits,-l%25C3%25A9gumes/id0/653716.html"><img src="http://www.auchandirect.fr/static/S1213MARCHES.jpg" alt="Promo sur les bananes Bio" title="Promo sur les bananes Bio" /></a>    
<div class="clear"></div></div><div class="clear"></div></div></div></div></li><li><a title="RR1003" href="431977.html#">Produits laitiers<br/>Œufs</a><div class="hovered_big_menu" id="4082"><div class="menu-panel"><div class="menu-listes-container float-container"><div class="menu-listes"><ul class="menu menu-horizontal menu_left"><li><h3><a title="RR2010" rel="page-459" href="../../../../id3/408/459.html">Crémerie, Oeufs</a></h3><ul class="menu"><li><a href="../../../../produits-laitiers,-%25C5%2593ufs/cr%25C3%25A9merie,-oeufs/laits/id0/605.html">Laits</a></li><li><a href="../../../../produits-laitiers,-%25C5%2593ufs/cr%25C3%25A9merie,-oeufs/cr%25C3%25A8mes-fra%25C3%25AEches,-sauces/id0/608.html">Crèmes Fraîches, Sauces </a></li><li><a href="../../../../produits-laitiers,-%25C5%2593ufs/cr%25C3%25A9merie,-oeufs/beurres/id0/604.html">Beurres</a></li><li><a href="../../../../produits-laitiers,-%25C5%2593ufs/cr%25C3%25A9merie,-oeufs/margarines/id0/607.html">Margarines</a></li><li><a href="../../../../produits-laitiers,-%25C5%2593ufs/cr%25C3%25A9merie,-oeufs/oeufs/id0/606.html">Oeufs</a></li></ul></li><li><h3><a title="RR2011" rel="page-466" href="../../../../id3/408/466.html">Fromages</a></h3><ul class="menu"><li><a href="../../../../produits-laitiers,-%25C5%2593ufs/fromages/emmental,-comt%25C3%25A9,-parmesan,-rap%25C3%25A9/id0/431987.html">Emmental, Comté, Parmesan, Rapé</a></li><li><a href="../../../../produits-laitiers,-%25C5%2593ufs/fromages/camemberts,-coulommiers,-bries/id0/611.html">Camemberts,  Coulommiers,  Bries</a></li><li><a href="../../../../produits-laitiers,-%25C5%2593ufs/fromages/ch%25C3%25A8vres,-brebis,-bleus,-roqueforts/id0/610.html">Chèvres,  Brebis, Bleus, Roqueforts</a></li><li><a href="../../../../produits-laitiers,-%25C5%2593ufs/fromages/terroir,-sp%25C3%25A9cialit%25C3%25A9s,-sp%25C3%25A9cialit%25C3%25A9s-etrang%25C3%25A8res/id0/612.html">Terroir, Spécialités,  Spécialités Etrangères</a></li><li><a href="../../../../produits-laitiers,-%25C5%2593ufs/fromages/a-cuisiner,-a-tartiner,-a-fondre/id0/614.html">A cuisiner, A tartiner, A fondre</a></li><li><a href="../../../../produits-laitiers,-%25C5%2593ufs/fromages/ap%25C3%25A9ritifs,-salades,-mozzarellas/id0/615.html">Apéritifs,  Salades,  Mozzarellas</a></li><li><a href="../../../../produits-laitiers,-%25C5%2593ufs/fromages/fromages-all%25C3%25A9g%25C3%25A9s/id0/618.html">Fromages Allégés</a></li><li><a href="../../../../produits-laitiers,-%25C5%2593ufs/fromages/enfants/id0/617.html">Enfants</a></li></ul></li><li><h3><a title="RR2012" rel="page-464" href="../../../../id3/408/464.html">Yaourts, Desserts</a></h3><ul class="menu"><li><a href="../../../../produits-laitiers,-%25C5%2593ufs/yaourts,-desserts/yaourts-natures,-fromages-blancs/id0/619.html">Yaourts natures, Fromages blancs</a></li><li><a href="../../../../produits-laitiers,-%25C5%2593ufs/yaourts,-desserts/yaourts-aux-fruits,-aromatis%25C3%25A9s/id0/620.html">Yaourts aux fruits,  Aromatisés</a></li><li><a href="../../../../produits-laitiers,-%25C5%2593ufs/yaourts,-desserts/yaourts-enfants,-a-boire/id0/621.html">Yaourts enfants, A boire</a></li><li><a href="../../../../produits-laitiers,-%25C5%2593ufs/yaourts,-desserts/desserts-gourmands/id0/622.html">Desserts gourmands</a></li><li><a href="../../../../produits-laitiers,-%25C5%2593ufs/yaourts,-desserts/all%25C3%25A9g%25C3%25A9s,-bien-%25C3%25AAtre/id0/623.html">Allégés,  Bien Être</a></li><li><a href="../../../../produits-laitiers,-%25C5%2593ufs/yaourts,-desserts/compotes/id0/431969.html">Compotes</a></li></ul></li><li><h3><a title="Produits laitiers BIO" rel="page-685063" href="../../../../id3/408/685063.html">Produits laitiers BIO</a></h3><ul class="menu"><li><a href="../../../../produits-laitiers,-%25C5%2593ufs/produits-laitiers-bio/cremerie,-oeufs/id0/685064.html">Cremerie, Oeufs</a></li><li><a href="../../../../produits-laitiers,-%25C5%2593ufs/produits-laitiers-bio/fromages/id0/685065.html">Fromages</a></li><li><a href="../../../../produits-laitiers,-%25C5%2593ufs/produits-laitiers-bio/yaourts,-desserts/id0/685066.html">Yaourts, Desserts</a></li></ul></li></ul><?xml version="1.0" encoding="UTF-8"?><a href="../../../../produits-laitiers,-%25C5%2593ufs/fromages/ap%25C3%25A9ritifs,-salades,-mozzarellas/id0/615.html"><img src="http://www.auchandirect.fr/static/S1313laitier.jpg" alt="Promo Apericube" title="Promo Apericube" width="150" height="275" /></a>    
<div class="clear"></div></div><div class="clear"></div></div></div></div></li><li><a title="RR1004" href="431977.html#">Charcuterie<br/>Traiteur</a><div class="hovered_big_menu" id="4072"><div class="menu-panel"><div class="menu-listes-container float-container"><div class="menu-listes"><ul class="menu menu-horizontal menu_left"><li><h3><a title="RR2013" rel="page-468" href="../../../../id3/407/468.html">Charcuterie</a></h3><ul class="menu"><li><a href="../../../../charcuterie-traiteur/charcuterie/jambons/id0/624.html">Jambons</a></li><li><a href="../../../../charcuterie-traiteur/charcuterie/lardons,-bacon,-aides-culinaires/id0/626.html">Lardons, Bacon, Aides culinaires</a></li><li><a href="../../../../charcuterie-traiteur/charcuterie/saucisses,-boudins/id0/629.html">Saucisses, Boudins</a></li><li><a href="../../../../charcuterie-traiteur/charcuterie/saucissons,-p%25C3%25A2t%25C3%25A9s,-rillettes/id0/625.html">Saucissons, Pâtés, Rillettes</a></li></ul></li><li><h3><a title="RR2014" rel="page-465" href="../../../../id3/407/465.html">Traiteur</a></h3><ul class="menu"><li><a href="../../../../charcuterie-traiteur/traiteur/entr%25C3%25A9es,-ap%25C3%25A9ritifs/id0/630.html">Entrées, Apéritifs</a></li><li><a href="../../../../charcuterie-traiteur/traiteur/salades-compos%25C3%25A9es,-crudit%25C3%25A9s,-soupes/id0/627.html">Salades Composées, Crudités, Soupes</a></li><li><a href="../../../../charcuterie-traiteur/traiteur/burgers,-croques/id0/632.html">Burgers, Croques</a></li><li><a href="../../../../charcuterie-traiteur/traiteur/cordons-bleus,-nuggets,-grignottes/id0/636.html">Cordons Bleus, Nuggets, Grignottes</a></li><li><a href="../../../../charcuterie-traiteur/traiteur/pizzas,-tartes,-quiches/id0/631.html">Pizzas, Tartes, Quiches</a></li><li><a href="../../../../charcuterie-traiteur/traiteur/p%25C3%25A2tes-fra%25C3%25AEches,-quenelles/id0/634.html">Pâtes Fraîches, Quenelles</a></li><li><a href="../../../../charcuterie-traiteur/traiteur/plats-cuisin%25C3%25A9s/id0/628.html">Plats cuisinés</a></li><li><a href="../../../../charcuterie-traiteur/traiteur/p%25C3%25A2tes-%25C3%25A0-tarte-et-%25C3%25A0-g%25C3%25A2teaux/id0/633.html">Pâtes à Tarte et à Gâteaux</a></li></ul></li><li><h3><a title="RR2016" rel="page-467" href="../../../../id3/407/467.html">Traiteur de la Mer</a></h3><ul class="menu"><li><a href="../../../../charcuterie-traiteur/traiteur-de-la-mer/poissons-fum%25C3%25A9s/id0/639.html">Poissons Fumés</a></li><li><a href="../../../../charcuterie-traiteur/traiteur-de-la-mer/surimis,-poissons-pan%25C3%25A9s/id0/637.html">Surimis, Poissons panés</a></li><li><a href="../../../../charcuterie-traiteur/traiteur-de-la-mer/produits-ap%25C3%25A9ritifs/id0/640.html">Produits Apéritifs</a></li></ul></li><li><h3><a title="Charcuterie, Traiteur Bio" rel="page-687256" href="../../../../id3/407/687256.html">Charcuterie, Traiteur Bio</a></h3><ul class="menu"><li><a href="../../../../charcuterie-traiteur/charcuterie,-traiteur-bio/charcuterie/id0/687259.html">Charcuterie</a></li><li><a href="../../../../charcuterie-traiteur/charcuterie,-traiteur-bio/traiteur/id0/687261.html">Traiteur</a></li></ul></li></ul><?xml version="1.0" encoding="UTF-8"?><a href="http://www.auchandirect.fr/rayon/832613"><img src="http://www.auchandirect.fr/static/S1313charcut.JPG" alt="Pr&eacute;parez votre ap&eacute;ritif" title="Pr&eacute;parez votre ap&eacute;ritif" width="150" height="275" /></a>  
<div class="clear"></div></div><div class="clear"></div></div></div></div></li><li><a title="RR1005" href="431977.html#">Surgelés</a><div class="hovered_big_menu" id="4062"><div class="menu-panel"><div class="menu-listes-container float-container"><div class="menu-listes"><ul class="menu menu-horizontal menu_left"><li><h3><a title="RR2017" rel="page-472" href="../../../../id3/406/472.html">Apéritifs, Entrées, Snacks</a></h3><ul class="menu"><li><a href="../../../../surgel%25C3%25A9s/ap%25C3%25A9ritifs,-entr%25C3%25A9es,-snacks/ap%25C3%25A9ritifs,-petits-fours/id0/431976.html">Apéritifs, Petits fours</a></li><li><a href="../../../../surgel%25C3%25A9s/ap%25C3%25A9ritifs,-entr%25C3%25A9es,-snacks/cr%25C3%25AApes,-feuillet%25C3%25A9s/id0/431978.html">Crêpes, Feuilletés</a></li><li><a href="../../../../surgel%25C3%25A9s/ap%25C3%25A9ritifs,-entr%25C3%25A9es,-snacks/bun's,-burgers/id0/431979.html">Bun's, Burgers</a></li><li><a href="../../../../surgel%25C3%25A9s/ap%25C3%25A9ritifs,-entr%25C3%25A9es,-snacks/coquilles,-escargots/id0/431980.html">Coquilles, Escargots</a></li></ul></li><li><h3><a title="Pizzas, Tartes, Plats cuisinés" rel="page-431964" href="../../../../id3/406/431964.html">Pizzas, Tartes, Plats cuisinés</a></h3><ul class="menu"><li><a href="../../../../surgel%25C3%25A9s/pizzas,-tartes,-plats-cuisin%25C3%25A9s/pizzas/id0/648.html">Pizzas</a></li><li><a href="../../../../surgel%25C3%25A9s/pizzas,-tartes,-plats-cuisin%25C3%25A9s/tartes,-quiches/id0/431973.html">Tartes, Quiches</a></li><li><a href="../../../../surgel%25C3%25A9s/pizzas,-tartes,-plats-cuisin%25C3%25A9s/plats-cuisin%25C3%25A9s/id0/646.html">Plats Cuisinés</a></li></ul></li><li><h3><a title="RR2019" rel="page-470" href="../../../../id3/406/470.html">Viandes, Produits de la Mer</a></h3><ul class="menu"><li><a href="../../../../surgel%25C3%25A9s/viandes,-produits-de-la-mer/viandes/id0/652.html">Viandes</a></li><li><a href="../../../../surgel%25C3%25A9s/viandes,-produits-de-la-mer/steacks-haches/id0/788712.html">Steacks haches</a></li><li><a href="../../../../surgel%25C3%25A9s/viandes,-produits-de-la-mer/produits-de-la-mer/id0/654.html">Produits de la Mer</a></li></ul></li><li><h3><a title="RR2018" rel="page-469" href="../../../../id3/406/469.html">Légumes, Pommes de Terre, Herbes</a></h3><ul class="menu"><li><a href="../../../../surgel%25C3%25A9s/l%25C3%25A9gumes,-pommes-de-terre,-herbes/frites,-pommes-de-terre/id0/647.html">Frites, Pommes de Terre</a></li><li><a href="../../../../surgel%25C3%25A9s/l%25C3%25A9gumes,-pommes-de-terre,-herbes/l%25C3%25A9gumes/id0/650.html">Légumes</a></li><li><a href="../../../../surgel%25C3%25A9s/l%25C3%25A9gumes,-pommes-de-terre,-herbes/herbes-aromatiques-et-sauces/id0/651.html">Herbes Aromatiques et sauces</a></li></ul></li><li><h3><a title="RR2020" rel="page-471" href="../../../../id3/406/471.html">Glaces, Patisseries, Viennoiseries</a></h3><ul class="menu"><li><a href="../../../../surgel%25C3%25A9s/glaces,-patisseries,-viennoiseries/glaces-individuelles/id0/657.html">Glaces Individuelles</a></li><li><a href="../../../../surgel%25C3%25A9s/glaces,-patisseries,-viennoiseries/glaces-%25C3%25A0-partager/id0/653.html">Glaces à Partager</a></li><li><a href="../../../../surgel%25C3%25A9s/glaces,-patisseries,-viennoiseries/p%25C3%25A2tisseries,-viennoiseries/id0/656.html">Pâtisseries, Viennoiseries</a></li><li><a href="../../../../surgel%25C3%25A9s/glaces,-patisseries,-viennoiseries/accompagnements,-fruits/id0/655.html">Accompagnements, Fruits</a></li></ul></li></ul><?xml version="1.0" encoding="UTF-8"?><a href="http://www.auchandirect.fr/rayon/37716"><img src="http://www.auchandirect.fr/static/S1313surgeles.jpg" alt="Promo pour votre repas de Paques" title="Promo pour votre repas de Paques" width="150" height="275" /></a>    
<div class="clear"></div></div><div class="clear"></div></div></div></div></li><li><a title="RR1006" href="431977.html#">Epicerie<br/>Salée</a><div class="hovered_big_menu" id="4132"><div class="menu-panel"><div class="menu-listes-container float-container"><div class="menu-listes"><ul class="menu menu-horizontal menu_left"><li><h3><a title="RR2025" rel="page-479" href="../../../../id3/413/479.html">Conserves, Plats Cuisinés</a></h3><ul class="menu"><li><a href="../../../../epicerie-sal%25C3%25A9e/conserves,-plats-cuisin%25C3%25A9s/conserves-de-l%25C3%25A9gumes/id0/674.html">Conserves de Légumes</a></li><li><a href="../../../../epicerie-sal%25C3%25A9e/conserves,-plats-cuisin%25C3%25A9s/conserves-de-poissons/id0/676.html">Conserves de Poissons</a></li><li><a href="../../../../epicerie-sal%25C3%25A9e/conserves,-plats-cuisin%25C3%25A9s/plats-cuisin%25C3%25A9s/id0/677.html">Plats Cuisinés</a></li><li><a href="../../../../epicerie-sal%25C3%25A9e/conserves,-plats-cuisin%25C3%25A9s/terrines,-pat%25C3%25A9s/id0/679.html">Terrines, Patés</a></li></ul></li><li><h3><a title="RR2023" rel="page-480" href="../../../../id3/413/480.html">Pâtes, Riz, Purées</a></h3><ul class="menu"><li><a href="../../../../epicerie-sal%25C3%25A9e/p%25C3%25A2tes,-riz,-pur%25C3%25A9es/p%25C3%25A2tes/id0/681.html">Pâtes</a></li><li><a href="../../../../epicerie-sal%25C3%25A9e/p%25C3%25A2tes,-riz,-pur%25C3%25A9es/riz/id0/680.html">Riz</a></li><li><a href="../../../../epicerie-sal%25C3%25A9e/p%25C3%25A2tes,-riz,-pur%25C3%25A9es/sauces-pour-p%25C3%25A2tes-et-riz/id0/431966.html">Sauces pour Pâtes et Riz</a></li><li><a href="../../../../epicerie-sal%25C3%25A9e/p%25C3%25A2tes,-riz,-pur%25C3%25A9es/bl%25C3%25A9s,-semoules,-l%25C3%25A9gumes-secs/id0/678.html">Blés, Semoules, Légumes secs</a></li><li><a href="../../../../epicerie-sal%25C3%25A9e/p%25C3%25A2tes,-riz,-pur%25C3%25A9es/pur%25C3%25A9es/id0/682.html">Purées</a></li></ul></li><li><h3><a title="RR2022" rel="page-481" href="../../../../id3/413/481.html">Potages et Soupes</a></h3><ul class="menu"><li><a href="../../../../epicerie-sal%25C3%25A9e/potages-et-soupes/format-familial/id0/683.html">Format Familial</a></li><li><a href="../../../../epicerie-sal%25C3%25A9e/potages-et-soupes/format-individuel/id0/686.html">Format individuel</a></li><li><a href="../../../../epicerie-sal%25C3%25A9e/potages-et-soupes/de%25CC%2581shydrate%25CC%2581es,-instantane%25CC%2581es,-croutons/id0/685.html">Déshydratées, Instantanées, Croutons</a></li></ul></li><li><h3><a title="RR2024" rel="page-482" href="../../../../id3/413/482.html">Sauces, Condiments</a></h3><ul class="menu"><li><a href="../../../../epicerie-sal%25C3%25A9e/sauces,-condiments/huiles/id0/692.html">Huiles</a></li><li><a href="../../../../epicerie-sal%25C3%25A9e/sauces,-condiments/vinaigres,-vinaigrettes/id0/694.html">Vinaigres, Vinaigrettes</a></li><li><a href="../../../../epicerie-sal%25C3%25A9e/sauces,-condiments/sauces-chaudes/id0/689.html">Sauces Chaudes</a></li><li><a href="../../../../epicerie-sal%25C3%25A9e/sauces,-condiments/moutarde,-mayonnaise,-ketchup/id0/691.html">Moutarde, Mayonnaise, Ketchup</a></li><li><a href="../../../../epicerie-sal%25C3%25A9e/sauces,-condiments/olives,-cornichons/id0/688.html">Olives,  Cornichons</a></li><li><a href="../../../../epicerie-sal%25C3%25A9e/sauces,-condiments/sel,-poivre,-epices,-herbes/id0/695.html">Sel, Poivre, Epices, Herbes</a></li><li><a href="../../../../epicerie-sal%25C3%25A9e/sauces,-condiments/bouillons,-aides-culinaires/id0/687.html">Bouillons, Aides culinaires</a></li></ul></li><li><h3><a title="RR2021" rel="page-477" href="../../../../id3/413/477.html">Produits Salés Apéritifs</a></h3><ul class="menu"><li><a href="../../../../epicerie-sal%25C3%25A9e/produits-sal%25C3%25A9s-ap%25C3%25A9ritifs/chips,-tuiles/id0/675.html">Chips, Tuiles</a></li><li><a href="../../../../epicerie-sal%25C3%25A9e/produits-sal%25C3%25A9s-ap%25C3%25A9ritifs/cacahu%25C3%25A8tes,-autres-graines/id0/673.html">Cacahuètes, Autres Graines</a></li><li><a href="../../../../epicerie-sal%25C3%25A9e/produits-sal%25C3%25A9s-ap%25C3%25A9ritifs/biscuits-sal%25C3%25A9s,-souffl%25C3%25A9s/id0/668.html">Biscuits salés, Soufflés</a></li><li><a href="../../../../epicerie-sal%25C3%25A9e/produits-sal%25C3%25A9s-ap%25C3%25A9ritifs/autres-produits-ap%25C3%25A9ritifs/id0/669.html">Autres Produits Apéritifs</a></li></ul></li><li><h3><a title="RR3363" rel="page-143464" href="../../../../id3/413/143464.html">Produits Gourmets</a></h3><ul class="menu"><li><a href="../../../../epicerie-sal%25C3%25A9e/produits-gourmets/epicerie-sal%25C3%25A9e/id0/143468.html">Epicerie Salée</a></li><li><a href="../../../../epicerie-sal%25C3%25A9e/produits-gourmets/epicerie-sucr%25C3%25A9e/id0/143469.html">Epicerie Sucrée</a></li></ul></li><li><h3><a title="Epicerie salée BIO" rel="page-685096" href="../../../../id3/413/685096.html">Epicerie salée BIO</a></h3><ul class="menu"><li><a href="../../../../epicerie-sal%25C3%25A9e/epicerie-sal%25C3%25A9e-bio/conserves,-plats-cuisin%25C3%25A9s/id0/685097.html">Conserves, Plats cuisinés</a></li><li><a href="../../../../epicerie-sal%25C3%25A9e/epicerie-sal%25C3%25A9e-bio/p%25C3%25A2tes,-riz,-l%25C3%25A9gumes-secs/id0/685099.html">Pâtes, Riz, Légumes secs</a></li><li><a href="../../../../epicerie-sal%25C3%25A9e/epicerie-sal%25C3%25A9e-bio/soupes,-sauces,-condiments/id0/687251.html">Soupes, Sauces, Condiments</a></li></ul></li><li><h3><a title="Produits du monde" rel="page-764962" href="../../../../id3/413/764962.html">Produits du monde</a></h3><ul class="menu"><li><a href="../../../../epicerie-sal%25C3%25A9e/produits-du-monde/tex-mex/id0/764963.html">Tex mex</a></li><li><a href="../../../../epicerie-sal%25C3%25A9e/produits-du-monde/asie/id0/764964.html">Asie</a></li></ul></li></ul><?xml version="1.0" encoding="UTF-8"?><a href="http://www.auchandirect.fr/rayon/121413"><img src="http://www.auchandirect.fr/static/S1213SALE.jpg" alt="-25% sur Barilla" title="-25% sur Barilla" width="150" height="275" /></a>     
<div class="clear"></div></div><div class="clear"></div></div></div></div></li><li><a title="RR1007" href="431977.html#">Petit-Déjeuner<br/>Epicerie Sucrée</a><div class="hovered_big_menu" id="4092"><div class="menu-panel"><div class="menu-listes-container float-container"><div class="menu-listes"><ul class="menu menu-horizontal menu_left"><li><h3><a title="RR2029" rel="page-484" href="../../../../id3/409/484.html">Petit-déjeuner</a></h3><ul class="menu"><li><a href="../../../../petit-d%25C3%25A9jeuner-epicerie-sucr%25C3%25A9e/petit-d%25C3%25A9jeuner/dosettes,-capsules/id0/431984.html">Dosettes, Capsules</a></li><li><a href="../../../../petit-d%25C3%25A9jeuner-epicerie-sucr%25C3%25A9e/petit-d%25C3%25A9jeuner/caf%25C3%25A9s,-chicor%25C3%25A9es,-chocolats/id0/710.html">Cafés, Chicorées, Chocolats</a></li><li><a href="../../../../petit-d%25C3%25A9jeuner-epicerie-sucr%25C3%25A9e/petit-d%25C3%25A9jeuner/th%25C3%25A9s,-infusions/id0/715.html">Thés, Infusions</a></li><li><a href="../../../../petit-d%25C3%25A9jeuner-epicerie-sucr%25C3%25A9e/petit-d%25C3%25A9jeuner/c%25C3%25A9r%25C3%25A9ales/id0/709.html">Céréales</a></li><li><a href="../../../../petit-d%25C3%25A9jeuner-epicerie-sucr%25C3%25A9e/petit-d%25C3%25A9jeuner/biscottes,-tartines/id0/708.html">Biscottes, Tartines</a></li><li><a href="../../../../petit-d%25C3%25A9jeuner-epicerie-sucr%25C3%25A9e/petit-d%25C3%25A9jeuner/pains-et-viennoiseries/id0/716.html">Pains et Viennoiseries</a></li><li><a href="../../../../petit-d%25C3%25A9jeuner-epicerie-sucr%25C3%25A9e/petit-d%25C3%25A9jeuner/confitures,-miels,-p%25C3%25A2tes-%25C3%25A0-tartiner/id0/712.html">Confitures, Miels, Pâtes à Tartiner</a></li><li><a href="../../../../petit-d%25C3%25A9jeuner-epicerie-sucr%25C3%25A9e/petit-d%25C3%25A9jeuner/jus-de-fruits/id0/713.html">Jus de Fruits</a></li><li><a href="../../../../petit-d%25C3%25A9jeuner-epicerie-sucr%25C3%25A9e/petit-d%25C3%25A9jeuner/laits/id0/714.html">Laits</a></li></ul></li><li><h3><a title="RR2026" rel="page-483" href="../../../../id3/409/483.html">Biscuits, Goûters</a></h3><ul class="menu"><li><a href="../../../../petit-d%25C3%25A9jeuner-epicerie-sucr%25C3%25A9e/biscuits,-go%25C3%25BBters/biscuits/id0/693.html">Biscuits</a></li><li><a href="../../../../petit-d%25C3%25A9jeuner-epicerie-sucr%25C3%25A9e/biscuits,-go%25C3%25BBters/go%25C3%25BBters/id0/431989.html">Goûters </a></li><li><a href="../../../../petit-d%25C3%25A9jeuner-epicerie-sucr%25C3%25A9e/biscuits,-go%25C3%25BBters/p%25C3%25A2tisseries/id0/696.html">Pâtisseries</a></li><li><a href="../../../../petit-d%25C3%25A9jeuner-epicerie-sucr%25C3%25A9e/biscuits,-go%25C3%25BBters/compotes-enfants/id0/856862.html">Compotes enfants</a></li></ul></li><li><h3><a title="RR2027" rel="page-485" href="../../../../id3/409/485.html">Chocolats, Confiseries</a></h3><ul class="menu"><li><a href="../../../../petit-d%25C3%25A9jeuner-epicerie-sucr%25C3%25A9e/chocolats,-confiseries/tablettes-de-chocolat/id0/701.html">Tablettes de Chocolat</a></li><li><a href="../../../../petit-d%25C3%25A9jeuner-epicerie-sucr%25C3%25A9e/chocolats,-confiseries/confiseries-chocolat%25C3%25A9es/id0/698.html">Confiseries Chocolatées</a></li><li><a href="../../../../petit-d%25C3%25A9jeuner-epicerie-sucr%25C3%25A9e/chocolats,-confiseries/bonbons/id0/699.html">Bonbons</a></li><li><a href="../../../../petit-d%25C3%25A9jeuner-epicerie-sucr%25C3%25A9e/chocolats,-confiseries/chewing-gum/id0/700.html">Chewing Gum</a></li><li><a href="../../../../petit-d%25C3%25A9jeuner-epicerie-sucr%25C3%25A9e/chocolats,-confiseries/petite-confiserie/id0/702.html">Petite Confiserie</a></li></ul></li><li><h3><a title="RR2028" rel="page-486" href="../../../../id3/409/486.html">Desserts, Ingrédients</a></h3><ul class="menu"><li><a href="../../../../petit-d%25C3%25A9jeuner-epicerie-sucr%25C3%25A9e/desserts,-ingr%25C3%25A9dients/sucres,-farines,-levures/id0/706.html">Sucres, Farines, Levures</a></li><li><a href="../../../../petit-d%25C3%25A9jeuner-epicerie-sucr%25C3%25A9e/desserts,-ingr%25C3%25A9dients/compotes,-cr%25C3%25A8mes/id0/704.html">Compotes, Crèmes</a></li><li><a href="../../../../petit-d%25C3%25A9jeuner-epicerie-sucr%25C3%25A9e/desserts,-ingr%25C3%25A9dients/desserts-%25C3%25A0-pr%25C3%25A9parer/id0/703.html">Desserts à Préparer</a></li><li><a href="../../../../petit-d%25C3%25A9jeuner-epicerie-sucr%25C3%25A9e/desserts,-ingr%25C3%25A9dients/fruits-au-sirop/id0/705.html">Fruits au Sirop</a></li><li><a href="../../../../petit-d%25C3%25A9jeuner-epicerie-sucr%25C3%25A9e/desserts,-ingr%25C3%25A9dients/aides-%25C3%25A0-la-p%25C3%25A2tisserie/id0/707.html">Aides à la Pâtisserie</a></li></ul></li><li><h3><a title="Bien Etre, Forme" rel="page-431988" href="../../../../id3/409/431988.html">Bien Etre, Forme</a></h3><ul class="menu"><li><a href="../../../../petit-d%25C3%25A9jeuner-epicerie-sucr%25C3%25A9e/bien-etre,-forme/petit-d%25C3%25A9jeuner/id0/431990.html">Petit Déjeuner</a></li><li><a href="../../../../petit-d%25C3%25A9jeuner-epicerie-sucr%25C3%25A9e/bien-etre,-forme/biscuits,-go%25C3%25BBters/id0/431991.html">Biscuits, Goûters</a></li><li><a href="../../../../petit-d%25C3%25A9jeuner-epicerie-sucr%25C3%25A9e/bien-etre,-forme/compl%25C3%25A9ments-alimentaires/id0/431992.html">Compléments alimentaires</a></li><li><a href="../../../../petit-d%25C3%25A9jeuner-epicerie-sucr%25C3%25A9e/bien-etre,-forme/sans-gluten/id0/431993.html">Sans gluten</a></li></ul></li><li><h3><a title="Epicerie sucrée Bio" rel="page-685084" href="../../../../id3/409/685084.html">Epicerie sucrée Bio</a></h3><ul class="menu"><li><a href="../../../../petit-d%25C3%25A9jeuner-epicerie-sucr%25C3%25A9e/epicerie-sucr%25C3%25A9e-bio/caf%25C3%25A9,-th%25C3%25A9s/id0/687260.html">Café, Thés</a></li><li><a href="../../../../petit-d%25C3%25A9jeuner-epicerie-sucr%25C3%25A9e/epicerie-sucr%25C3%25A9e-bio/c%25C3%25A9r%25C3%25A9ales/id0/687270.html">Céréales </a></li><li><a href="../../../../petit-d%25C3%25A9jeuner-epicerie-sucr%25C3%25A9e/epicerie-sucr%25C3%25A9e-bio/confitures,-miels,-p%25C3%25A2tes-%25C3%25A0-tartiner/id0/687268.html">Confitures, Miels, Pâtes à tartiner</a></li><li><a href="../../../../petit-d%25C3%25A9jeuner-epicerie-sucr%25C3%25A9e/epicerie-sucr%25C3%25A9e-bio/biscuits/id0/685091.html">Biscuits </a></li><li><a href="../../../../petit-d%25C3%25A9jeuner-epicerie-sucr%25C3%25A9e/epicerie-sucr%25C3%25A9e-bio/farines,-sucres/id0/687265.html">Farines, Sucres </a></li><li><a href="../../../../petit-d%25C3%25A9jeuner-epicerie-sucr%25C3%25A9e/epicerie-sucr%25C3%25A9e-bio/tablettes-de-chocolat/id0/689173.html">Tablettes de chocolat</a></li><li><a href="../../../../petit-d%25C3%25A9jeuner-epicerie-sucr%25C3%25A9e/epicerie-sucr%25C3%25A9e-bio/compotes,-cr%25C3%25A8mes/id0/689171.html">Compotes, Crèmes </a></li></ul></li><li><h3><a title="Chocolats de Pâques" rel="page-788713" href="../../../../id3/409/788713.html">Chocolats de Pâques</a></h3><ul class="menu"><li><a href="../../../../petit-d%25C3%25A9jeuner-epicerie-sucr%25C3%25A9e/chocolats-de-p%25C3%25A2ques/chocolats-de-p%25C3%25A2ques/id0/788714.html">Chocolats de Pâques</a></li></ul></li></ul><?xml version="1.0" encoding="UTF-8"?><a href="http://www.auchandirect.fr/rayon/755420"><img src="http://www.auchandirect.fr/static/S1113CHOCOLAT.jpg" alt="D&eacute;couvrez nos offres en chocolats" title="D&eacute;couvrez nos offres en chocolats" /><img src="http://www.auchandirect.fr/static/S1113chocolat.jpg" alt="D&eacute;couvrez nos offres de chocolat" title="D&eacute;couvrez nos offres de chocolat" /></a>    
<div class="clear"></div></div><div class="clear"></div></div></div></div></li><li><a title="RR1008" href="431977.html#">Boissons</a><div class="hovered_big_menu" id="4112"><div class="menu-panel"><div class="menu-listes-container float-container"><div class="menu-listes"><ul class="menu menu-horizontal menu_left"><li><h3><a title="RR2030" rel="page-478" href="../../../../id3/411/478.html">Eaux</a></h3><ul class="menu"><li><a href="../../../../boissons/eaux/eaux-plates/id0/667.html">Eaux plates</a></li><li><a href="../../../../boissons/eaux/eaux-gazeuses/id0/663.html">Eaux gazeuses</a></li><li><a href="../../../../boissons/eaux/eaux-aromatis%25C3%25A9es/id0/666.html">Eaux aromatisées</a></li><li><a href="../../../../boissons/eaux/boutique-evian/id0/786012.html">Boutique Evian</a></li><li><a href="../../../../boissons/eaux/boutique-perrier/id0/786013.html">Boutique Perrier</a></li></ul></li><li><h3><a title="RR2031" rel="page-476" href="../../../../id3/411/476.html">Jus, Softs</a></h3><ul class="menu"><li><a href="../../../../boissons/jus,-softs/jus-de-fruits,-l%25C3%25A9gumes/id0/672.html">Jus de fruits, Légumes</a></li><li><a href="../../../../boissons/jus,-softs/jus-de-fruits-frais/id0/433470.html">Jus de fruits frais</a></li><li><a href="../../../../boissons/jus,-softs/colas,-boissons-gazeuses/id0/671.html">Colas, Boissons gazeuses</a></li><li><a href="../../../../boissons/jus,-softs/boissons-aromatis%25C3%25A9es,-sirops/id0/670.html">Boissons aromatisées, Sirops</a></li><li><a href="../../../../boissons/jus,-softs/energ%25C3%25A9tiques,-sports/id0/431982.html">Energétiques, Sports</a></li></ul></li><li><h3><a title="RR2058" rel="page-506" href="../../../../id3/411/506.html">Vins et Champagnes</a></h3><ul class="menu"><li><a href="../../../../boissons/vins-et-champagnes/vins-rouges/id0/822.html">Vins rouges</a></li><li><a href="../../../../boissons/vins-et-champagnes/vins-blancs/id0/819.html">Vins blancs</a></li><li><a href="../../../../boissons/vins-et-champagnes/vins-ros%25C3%25A9s/id0/821.html">Vins rosés</a></li><li><a href="../../../../boissons/vins-et-champagnes/champagnes-et-vins-p%25C3%25A9tillants/id0/818.html">Champagnes et vins pétillants</a></li><li><a href="../../../../boissons/vins-et-champagnes/foire-aux-vins-de-printemps/id0/685088.html">Foire aux vins de printemps</a></li></ul></li><li><h3><a title="RR3373" rel="page-445712" href="../../../../id3/411/445712.html">Produits Salés Apéritifs</a></h3><ul class="menu"><li><a href="../../../../boissons/produits-sal%25C3%25A9s-ap%25C3%25A9ritifs/chips,-tuiles/id0/445713.html">Chips, Tuiles</a></li><li><a href="../../../../boissons/produits-sal%25C3%25A9s-ap%25C3%25A9ritifs/cacahu%25C3%25A8tes,-autres-graines/id0/445714.html">Cacahuètes, Autres Graines</a></li><li><a href="../../../../boissons/produits-sal%25C3%25A9s-ap%25C3%25A9ritifs/biscuits-sal%25C3%25A9s,-souffl%25C3%25A9s/id0/445715.html">Biscuits Salés, Soufflés</a></li><li><a href="../../../../boissons/produits-sal%25C3%25A9s-ap%25C3%25A9ritifs/autres-produits-ap%25C3%25A9ritifs/id0/445716.html">Autres Produits Apéritifs</a></li></ul></li><li><h3><a title="RR2032" rel="page-475" href="../../../../id3/411/475.html">Apéritifs, Digestifs</a></h3><ul class="menu"><li><a href="../../../../boissons/ap%25C3%25A9ritifs,-digestifs/whiskies/id0/661.html">Whiskies</a></li><li><a href="../../../../boissons/ap%25C3%25A9ritifs,-digestifs/ap%25C3%25A9ritifs,-anis%25C3%25A9s/id0/662.html">Apéritifs, Anisés</a></li><li><a href="../../../../boissons/ap%25C3%25A9ritifs,-digestifs/digestifs/id0/658.html">Digestifs</a></li><li><a href="../../../../boissons/ap%25C3%25A9ritifs,-digestifs/autres-alcools/id0/431962.html">Autres alcools</a></li><li><a href="../../../../boissons/ap%25C3%25A9ritifs,-digestifs/sans-alcool/id0/431963.html">Sans alcool</a></li></ul></li><li><h3><a title="RR2033" rel="page-474" href="../../../../id3/411/474.html">Bières, Cidres</a></h3><ul class="menu"><li><a href="../../../../boissons/bi%25C3%25A8res,-cidres/bi%25C3%25A8res/id0/664.html">Bières</a></li><li><a href="../../../../boissons/bi%25C3%25A8res,-cidres/cidres/id0/665.html">Cidres</a></li></ul></li><li><h3><a title="Boissons Bio" rel="page-731715" href="../../../../id3/411/731715.html">Boissons Bio</a></h3><ul class="menu"><li><a href="../../../../boissons/boissons-bio/jus-de-fruits-frais/id0/736713.html">Jus de fruits frais</a></li><li><a href="../../../../boissons/boissons-bio/jus-de-fruits,-l%25C3%25A9gumes/id0/736714.html">Jus de fruits, Légumes</a></li><li><a href="../../../../boissons/boissons-bio/lait,-soja,-riz/id0/736715.html">Lait, Soja, Riz</a></li><li><a href="../../../../boissons/boissons-bio/vins,-cidres/id0/736712.html">Vins, Cidres</a></li></ul></li></ul><?xml version="1.0" encoding="UTF-8"?><a href="http://www.auchandirect.fr/rayon/384079"><img src="http://www.auchandirect.fr/static/s1213boisson.jpg" alt="Champagne Heidsieck Monopole" title="Champagne Heidsieck Monopole" /></a>     
<div class="clear"></div></div><div class="clear"></div></div></div></div></li><li><a title="RR1012" href="431977.html#">Bébé</a><div class="hovered_big_menu" id="4102"><div class="menu-panel"><div class="menu-listes-container float-container"><div class="menu-listes"><ul class="menu menu-horizontal menu_left"><li><h3><a title="RR2048" rel="page-490" href="../../../../id3/410/490.html">Couches, Culottes</a></h3><ul class="menu"><li><a href="../../../../b%25C3%25A9b%25C3%25A9/couches,-culottes/nouveau-n%25C3%25A9s-(taille-1-et-2)/id0/718.html">Nouveau-nés (Taille 1 et 2)</a></li><li><a href="../../../../b%25C3%25A9b%25C3%25A9/couches,-culottes/3-9-kg-(taille-3-et-4)/id0/721.html">3-9 kg (Taille 3 et 4)</a></li><li><a href="../../../../b%25C3%25A9b%25C3%25A9/couches,-culottes/7-20-kg-(taille-3,-4-et-5)/id0/717.html">7-20 kg (Taille 4 et 5)</a></li><li><a href="../../../../b%25C3%25A9b%25C3%25A9/couches,-culottes/11-35-kg-(taille-4-et-5)/id0/719.html">11-35 kg (Taille 4 et 5)</a></li><li><a href="../../../../b%25C3%25A9b%25C3%25A9/couches,-culottes/culottes/id0/720.html">Culottes</a></li></ul></li><li><h3><a title="RR2047" rel="page-487" href="../../../../id3/410/487.html">Laits bébé</a></h3><ul class="menu"><li><a href="../../../../b%25C3%25A9b%25C3%25A9/laits-b%25C3%25A9b%25C3%25A9/croissance/id0/725.html">Croissance</a></li><li><a href="../../../../b%25C3%25A9b%25C3%25A9/laits-b%25C3%25A9b%25C3%25A9/laits-1er-age/id0/722.html">Laits 1er Age</a></li><li><a href="../../../../b%25C3%25A9b%25C3%25A9/laits-b%25C3%25A9b%25C3%25A9/laits-2%25C3%25A8me-age/id0/723.html">Laits 2ème Age</a></li><li><a href="../../../../b%25C3%25A9b%25C3%25A9/laits-b%25C3%25A9b%25C3%25A9/laits-infantiles-bio/id0/724.html">Laits Infantiles Bio</a></li></ul></li><li><h3><a title="RR2046" rel="page-488" href="../../../../id3/410/488.html">Alimentation bébé</a></h3><ul class="menu"><li><a href="../../../../b%25C3%25A9b%25C3%25A9/alimentation-b%25C3%25A9b%25C3%25A9/petit-d%25C3%25A9jeuner/id0/727.html">Petit-déjeuner</a></li><li><a href="../../../../b%25C3%25A9b%25C3%25A9/alimentation-b%25C3%25A9b%25C3%25A9/petits-pots,-assiettes/id0/729.html">Petits Pots, Assiettes</a></li><li><a href="../../../../b%25C3%25A9b%25C3%25A9/alimentation-b%25C3%25A9b%25C3%25A9/go%25C3%25BBters,-desserts/id0/730.html">Goûters, Desserts</a></li><li><a href="../../../../b%25C3%25A9b%25C3%25A9/alimentation-b%25C3%25A9b%25C3%25A9/boissons/id0/728.html">Boissons</a></li><li><a href="../../../../b%25C3%25A9b%25C3%25A9/alimentation-b%25C3%25A9b%25C3%25A9/alimentation-b%25C3%25A9b%25C3%25A9-bio/id0/726.html">Alimentation Bébé Bio</a></li></ul></li><li><h3><a title="RR2049" rel="page-489" href="../../../../id3/410/489.html">Toilette et Soin</a></h3><ul class="menu"><li><a href="../../../../b%25C3%25A9b%25C3%25A9/toilette-et-soin/cotons,-lingettes/id0/731.html">Cotons, Lingettes</a></li><li><a href="../../../../b%25C3%25A9b%25C3%25A9/toilette-et-soin/toilette/id0/732.html">Toilette</a></li><li><a href="../../../../b%25C3%25A9b%25C3%25A9/toilette-et-soin/soins/id0/733.html">Soins</a></li><li><a href="../../../../b%25C3%25A9b%25C3%25A9/toilette-et-soin/accessoires-de-pu%25C3%25A9riculture/id0/736.html">Accessoires de Puériculture</a></li><li><a href="../../../../b%25C3%25A9b%25C3%25A9/toilette-et-soin/pour-la-maman/id0/734.html">Pour la Maman</a></li></ul></li><li><h3><a title="Bébé Bio" rel="page-689179" href="../../../../id3/410/689179.html">Bébé Bio</a></h3><ul class="menu"><li><a href="../../../../b%25C3%25A9b%25C3%25A9/b%25C3%25A9b%25C3%25A9-bio/laits-infantiles/id0/693965.html">Laits infantiles</a></li><li><a href="../../../../b%25C3%25A9b%25C3%25A9/b%25C3%25A9b%25C3%25A9-bio/petit-d%25C3%25A9jeuner/id0/693964.html">Petit déjeuner</a></li><li><a href="../../../../b%25C3%25A9b%25C3%25A9/b%25C3%25A9b%25C3%25A9-bio/petits-pots,-assiettes/id0/689182.html">Petits pots, Assiettes </a></li><li><a href="../../../../b%25C3%25A9b%25C3%25A9/b%25C3%25A9b%25C3%25A9-bio/desserts-et-go%25C3%25BBters/id0/689184.html">Desserts et goûters </a></li><li><a href="../../../../b%25C3%25A9b%25C3%25A9/b%25C3%25A9b%25C3%25A9-bio/boissons/id0/689183.html">Boissons</a></li><li><a href="../../../../b%25C3%25A9b%25C3%25A9/b%25C3%25A9b%25C3%25A9-bio/toilette-et-soin/id0/689180.html">Toilette et soin</a></li></ul></li></ul><?xml version="1.0" encoding="UTF-8"?><a href="http://www.auchandirect.fr/rayon/872514"><img src="http://www.auchandirect.fr/static/S1313bebe.jpg" alt="Promo sur Gallia" title="Promo sur Gallia" width="150" height="275" /></a>    
<div class="clear"></div></div><div class="clear"></div></div></div></div></li><li><a title="RR1001" href="431977.html#">Bio<br/>Ecolo</a><div class="hovered_big_menu" id="4052"><div class="menu-panel"><div class="menu-listes-container float-container"><div class="menu-listes"><ul class="menu menu-horizontal menu_left"><li><h3><a title="RR2002" rel="page-456" href="../../../../id3/405/456.html">Produits Frais et Surgelés Bio</a></h3><ul class="menu"><li><a href="../../../../bio-ecolo/produits-frais-et-surgel%25C3%25A9s-bio/charcuterie,-traiteur/id0/575.html">Charcuterie,  Traiteur</a></li><li><a href="../../../../bio-ecolo/produits-frais-et-surgel%25C3%25A9s-bio/fruits,-l%25C3%25A9gumes/id0/574.html">Fruits,  Légumes</a></li><li><a href="../../../../bio-ecolo/produits-frais-et-surgel%25C3%25A9s-bio/cr%25C3%25A9merie---fromages---oeufs/id0/576.html">Crémerie - Fromages - Oeufs</a></li><li><a href="../../../../bio-ecolo/produits-frais-et-surgel%25C3%25A9s-bio/surgel%25C3%25A9s/id0/577.html">Surgelés</a></li><li><a href="../../../../bio-ecolo/produits-frais-et-surgel%25C3%25A9s-bio/viandes,-volailles,-poissons/id0/578.html">Viandes,  Volailles,  Poissons</a></li></ul></li><li><h3><a title="RR2003" rel="page-458" href="../../../../id3/405/458.html">Epicerie Bio</a></h3><ul class="menu"><li><a href="../../../../bio-ecolo/epicerie-bio/biscuits/id0/567.html">Biscuits</a></li><li><a href="../../../../bio-ecolo/epicerie-bio/desserts/id0/731714.html">Desserts</a></li><li><a href="../../../../bio-ecolo/epicerie-bio/petit-d%25C3%25A9jeuner/id0/573.html">Petit-déjeuner</a></li><li><a href="../../../../bio-ecolo/epicerie-bio/conserves,-plats-cuisin%25C3%25A9s/id0/565.html">Conserves,  Plats Cuisinés</a></li><li><a href="../../../../bio-ecolo/epicerie-bio/p%25C3%25A2tes,-riz,-c%25C3%25A9r%25C3%25A9ales/id0/570.html">Pâtes,  Riz,  Céréales</a></li><li><a href="../../../../bio-ecolo/epicerie-bio/sauces,-condiments/id0/572.html">Sauces,  Condiments</a></li><li><a href="../../../../bio-ecolo/epicerie-bio/chocolats/id0/693962.html">Chocolats</a></li></ul></li><li><h3><a title="RR2004" rel="page-455" href="../../../../id3/405/455.html">Boissons Bio</a></h3><ul class="menu"><li><a href="../../../../bio-ecolo/boissons-bio/lait,-soja,-riz/id0/563.html">Lait,  Soja, riz</a></li><li><a href="../../../../bio-ecolo/boissons-bio/jus-de-fruits,-l%25C3%25A9gumes/id0/557.html">Jus de Fruits,  Légumes</a></li><li><a href="../../../../bio-ecolo/boissons-bio/alcools/id0/554.html">Alcools</a></li></ul></li><li><h3><a title="RR2001" rel="page-454" href="../../../../id3/405/454.html">Bébé Bio</a></h3><ul class="menu"><li><a href="../../../../bio-ecolo/b%25C3%25A9b%25C3%25A9-bio/alimentation-b%25C3%25A9b%25C3%25A9/id0/558.html">Alimentation Bébé</a></li><li><a href="../../../../bio-ecolo/b%25C3%25A9b%25C3%25A9-bio/laits-b%25C3%25A9b%25C3%25A9/id0/556.html">Laits Bébé</a></li><li><a href="../../../../bio-ecolo/b%25C3%25A9b%25C3%25A9-bio/toilette,-soins/id0/555.html">Toilette, Soins</a></li></ul></li><li><h3><a title="RR2005" rel="page-457" href="../../../../id3/405/457.html">Entretien,  Hygiène Bio Ecolo</a></h3><ul class="menu"><li><a href="../../../../bio-ecolo/entretien,-hygi%25C3%25A8ne-bio-ecolo/soins-de-la-personne/id0/562.html">Soins de la Personne</a></li><li><a href="../../../../bio-ecolo/entretien,-hygi%25C3%25A8ne-bio-ecolo/piles,-ampoules/id0/564.html">Piles, Ampoules</a></li><li><a href="../../../../bio-ecolo/entretien,-hygi%25C3%25A8ne-bio-ecolo/vaisselle/id0/689175.html">Vaisselle</a></li><li><a href="../../../../bio-ecolo/entretien,-hygi%25C3%25A8ne-bio-ecolo/cuisine/id0/689176.html">Cuisine</a></li><li><a href="../../../../bio-ecolo/entretien,-hygi%25C3%25A8ne-bio-ecolo/produits-m%25C3%25A9nagers/id0/689177.html">Produits ménagers</a></li><li><a href="../../../../bio-ecolo/entretien,-hygi%25C3%25A8ne-bio-ecolo/papiers/id0/689178.html">Papiers</a></li></ul></li></ul><?xml version="1.0" encoding="UTF-8"?><a href="../../../../bio-ecolo/entretien,-hygi%25C3%25A8ne-bio-ecolo/produits-m%25C3%25A9nagers/id0/689177.html"><img src="http://www.auchandirect.fr/static/s1213bio.jpg" alt="Nettoyez Sain,respirez sain" title="Nettoyez Sain,Respirez sain" width="150" height="275" /></a>   
<div class="clear"></div></div><div class="clear"></div></div></div></div></li><li><a title="RR1010" href="431977.html#">Hygiène<br/>Beauté</a><div class="hovered_big_menu" id="4122"><div class="menu-panel"><div class="menu-listes-container float-container"><div class="menu-listes"><ul class="menu menu-horizontal menu_left"><li><h3><a title="RR2038" rel="page-492" href="../../../../id3/412/492.html">Corps</a></h3><ul class="menu"><li><a href="../../../../hygi%25C3%25A8ne-beaut%25C3%25A9/corps/douche,-bain/id0/746.html">Douche, Bain</a></li><li><a href="../../../../hygi%25C3%25A8ne-beaut%25C3%25A9/corps/savons/id0/748.html">Savons</a></li><li><a href="../../../../hygi%25C3%25A8ne-beaut%25C3%25A9/corps/d%25C3%25A9odorants/id0/744.html">Déodorants</a></li><li><a href="../../../../hygi%25C3%25A8ne-beaut%25C3%25A9/corps/cr%25C3%25A8mes,-soins-du-corps/id0/745.html">Crèmes, Soins du Corps</a></li><li><a href="../../../../hygi%25C3%25A8ne-beaut%25C3%25A9/corps/soins-mains,-pieds/id0/751.html">Soins Mains, Pieds</a></li><li><a href="../../../../hygi%25C3%25A8ne-beaut%25C3%25A9/corps/epilation-f%25C3%25A9minine/id0/750.html">Epilation Féminine</a></li><li><a href="../../../../hygi%25C3%25A8ne-beaut%25C3%25A9/corps/hygi%25C3%25A8ne-intime/id0/749.html">Hygiène intime</a></li><li><a href="../../../../hygi%25C3%25A8ne-beaut%25C3%25A9/corps/solaires/id0/754.html">Solaires</a></li></ul></li><li><h3><a title="RR2037" rel="page-491" href="../../../../id3/412/491.html">Cheveux</a></h3><ul class="menu"><li><a href="../../../../hygi%25C3%25A8ne-beaut%25C3%25A9/cheveux/shampooings/id0/743.html">Shampooings</a></li><li><a href="../../../../hygi%25C3%25A8ne-beaut%25C3%25A9/cheveux/apr%25C3%25A8s-shampooings/id0/738.html">Après shampooings</a></li><li><a href="../../../../hygi%25C3%25A8ne-beaut%25C3%25A9/cheveux/masques,-soins-capillaires/id0/741.html">Masques, Soins Capillaires</a></li><li><a href="../../../../hygi%25C3%25A8ne-beaut%25C3%25A9/cheveux/coiffants/id0/740.html">Coiffants</a></li></ul></li><li><h3><a title="RR2036" rel="page-493" href="../../../../id3/412/493.html">Visage</a></h3><ul class="menu"><li><a href="../../../../hygi%25C3%25A8ne-beaut%25C3%25A9/visage/cotons,-lingettes/id0/761.html">Cotons, Lingettes</a></li><li><a href="../../../../hygi%25C3%25A8ne-beaut%25C3%25A9/visage/toilette-du-visage/id0/766.html">Toilette du Visage</a></li><li><a href="../../../../hygi%25C3%25A8ne-beaut%25C3%25A9/visage/soins-dentaires/id0/764.html">Soins Dentaires</a></li><li><a href="../../../../hygi%25C3%25A8ne-beaut%25C3%25A9/visage/soins-du-visage/id0/767.html">Soins du Visage</a></li><li><a href="../../../../hygi%25C3%25A8ne-beaut%25C3%25A9/visage/maquillage/id0/765.html">Maquillage</a></li></ul></li><li><h3><a title="Hommes" rel="page-433468" href="../../../../id3/412/433468.html">Hommes</a></h3><ul class="menu"><li><a href="../../../../hygi%25C3%25A8ne-beaut%25C3%25A9/hommes/rasage,-soins-hommes/id0/763.html">Rasage, Soins Hommes</a></li><li><a href="../../../../hygi%25C3%25A8ne-beaut%25C3%25A9/hommes/cheveux/id0/739.html">Cheveux</a></li><li><a href="../../../../hygi%25C3%25A8ne-beaut%25C3%25A9/hommes/douche,-bain/id0/747.html">Douche, Bain</a></li><li><a href="../../../../hygi%25C3%25A8ne-beaut%25C3%25A9/hommes/d%25C3%25A9odorants/id0/1707.html">Déodorants</a></li></ul></li><li><h3><a title="RR2040" rel="page-494" href="../../../../id3/412/494.html">Papier, Parapharmacie</a></h3><ul class="menu"><li><a href="../../../../hygi%25C3%25A8ne-beaut%25C3%25A9/papier,-parapharmacie/papiers-toilette/id0/753.html">Papiers toilette</a></li><li><a href="../../../../hygi%25C3%25A8ne-beaut%25C3%25A9/papier,-parapharmacie/essuie-tout/id0/752.html">Essuie-tout</a></li><li><a href="../../../../hygi%25C3%25A8ne-beaut%25C3%25A9/papier,-parapharmacie/mouchoirs/id0/756.html">Mouchoirs</a></li><li><a href="../../../../hygi%25C3%25A8ne-beaut%25C3%25A9/papier,-parapharmacie/parapharmacie/id0/495.html">Parapharmacie</a></li><li><a href="../../../../hygi%25C3%25A8ne-beaut%25C3%25A9/papier,-parapharmacie/solaires/id0/759.html">Solaires</a></li></ul></li><li><h3><a title="Hygiène Beauté Bio" rel="page-689162" href="../../../../id3/412/689162.html">Hygiène Beauté Bio</a></h3><ul class="menu"><li><a href="../../../../hygi%25C3%25A8ne-beaut%25C3%25A9/hygi%25C3%25A8ne-beaut%25C3%25A9-bio/cotons,-lingettes/id0/689163.html">Cotons, Lingettes </a></li><li><a href="../../../../hygi%25C3%25A8ne-beaut%25C3%25A9/hygi%25C3%25A8ne-beaut%25C3%25A9-bio/cr%25C3%25A8mes,-soins-du-corps/id0/689164.html">Crèmes, Soins du corps </a></li><li><a href="../../../../hygi%25C3%25A8ne-beaut%25C3%25A9/hygi%25C3%25A8ne-beaut%25C3%25A9-bio/d%25C3%25A9odorants/id0/689165.html">Déodorants</a></li><li><a href="../../../../hygi%25C3%25A8ne-beaut%25C3%25A9/hygi%25C3%25A8ne-beaut%25C3%25A9-bio/douches,-bains/id0/689166.html">Douches, Bains </a></li><li><a href="../../../../hygi%25C3%25A8ne-beaut%25C3%25A9/hygi%25C3%25A8ne-beaut%25C3%25A9-bio/shampooings/id0/689168.html">Shampooings Bio</a></li><li><a href="../../../../hygi%25C3%25A8ne-beaut%25C3%25A9/hygi%25C3%25A8ne-beaut%25C3%25A9-bio/soins-du-visage/id0/689169.html">Soins du visage Bio</a></li><li><a href="../../../../hygi%25C3%25A8ne-beaut%25C3%25A9/hygi%25C3%25A8ne-beaut%25C3%25A9-bio/toilette-du-visage/id0/689170.html">Toilette du visage Bio</a></li></ul></li></ul><?xml version="1.0" encoding="UTF-8"?><a href="http://www.auchandirect.fr/rayon/872513"><img src="http://www.auchandirect.fr/static/s1213hygiene.jpg" alt="Promo sur Tahiti" title="Promo sur Tahiti" width="150" height="275" /></a>    
<div class="clear"></div></div><div class="clear"></div></div></div></div></li><li><a title="RR1011" href="431977.html#">Entretien</a><div class="hovered_big_menu" id="4142"><div class="menu-panel"><div class="menu-listes-container float-container"><div class="menu-listes"><ul class="menu menu-horizontal menu_left"><li><h3><a title="RR2045" rel="page-499" href="../../../../id3/414/499.html">Papiers</a></h3><ul class="menu"><li><a href="../../../../entretien/papiers/essuies-tout/id0/775.html">Essuies tout</a></li><li><a href="../../../../entretien/papiers/mouchoirs/id0/774.html">Mouchoirs</a></li><li><a href="../../../../entretien/papiers/papiers-toilette/id0/776.html">Papiers toilette</a></li></ul></li><li><h3><a title="RR2041" rel="page-500" href="../../../../id3/414/500.html">Soin du Linge</a></h3><ul class="menu"><li><a href="../../../../entretien/soin-du-linge/lessives/id0/792.html">Lessives</a></li><li><a href="../../../../entretien/soin-du-linge/assouplissants/id0/790.html">Assouplissants</a></li><li><a href="../../../../entretien/soin-du-linge/aides-au-lavage/id0/788.html">Aides au Lavage</a></li></ul></li><li><h3><a title="RR2043" rel="page-497" href="../../../../id3/414/497.html">Produits ménagers</a></h3><ul class="menu"><li><a href="../../../../entretien/produits-m%25C3%25A9nagers/cuisine,-salle-de-bain,-javel/id0/778.html">Cuisine, Salle de bain, Javel</a></li><li><a href="../../../../entretien/produits-m%25C3%25A9nagers/multi-usages/id0/784.html">Multi-usages</a></li><li><a href="../../../../entretien/produits-m%25C3%25A9nagers/lingettes-nettoyantes/id0/780.html">Lingettes Nettoyantes</a></li><li><a href="../../../../entretien/produits-m%25C3%25A9nagers/sols/id0/785.html">Sols</a></li><li><a href="../../../../entretien/produits-m%25C3%25A9nagers/vitres,-meubles/id0/787.html">Vitres, Meubles</a></li><li><a href="../../../../entretien/produits-m%25C3%25A9nagers/wc,-d%25C3%25A9boucheurs/id0/789.html">WC, Déboucheurs</a></li><li><a href="../../../../entretien/produits-m%25C3%25A9nagers/produits-ecolo/id0/786.html">Produits Ecolo</a></li></ul></li><li><h3><a title="RR2042" rel="page-496" href="../../../../id3/414/496.html">Vaisselle</a></h3><ul class="menu"><li><a href="../../../../entretien/vaisselle/lavage-en-machine/id0/793.html">Lavage en Machine</a></li><li><a href="../../../../entretien/vaisselle/liquides-vaisselle/id0/795.html">Liquides Vaisselle</a></li><li><a href="../../../../entretien/vaisselle/gants,-eponges/id0/794.html">Gants, Eponges</a></li></ul></li><li><h3><a title="RR2044" rel="page-498" href="../../../../id3/414/498.html">Cuisine</a></h3><ul class="menu"><li><a href="../../../../entretien/cuisine/sacs-poubelle/id0/773.html">Sacs Poubelle</a></li><li><a href="../../../../entretien/cuisine/aides-%25C3%25A0-la-conservation,-cuisson/id0/768.html">Aides à la Conservation, Cuisson</a></li><li><a href="../../../../entretien/cuisine/bo%25C3%25AEtes-herm%25C3%25A9tiques,-vaisselle-jetable/id0/770.html">Boîtes Hermétiques, Vaisselle Jetable</a></li><li><a href="../../../../entretien/cuisine/ustensiles-de-cuisine,-filtres-%25C3%25A0-caf%25C3%25A9/id0/769.html">Ustensiles de cuisine, Filtres à café</a></li><li><a href="../../../../entretien/cuisine/gants,-eponges/id0/772.html">Gants, Eponges</a></li></ul></li><li><h3><a title="Entretien Bio" rel="page-685085" href="../../../../id3/414/685085.html">Entretien Bio</a></h3><ul class="menu"><li><a href="../../../../entretien/entretien-bio/produits-m%25C3%25A9nagers/id0/685092.html">Produits ménagers </a></li><li><a href="../../../../entretien/entretien-bio/cuisine/id0/685098.html">Cuisine</a></li><li><a href="../../../../entretien/entretien-bio/papier/id0/687254.html">Papier Bio</a></li><li><a href="../../../../entretien/entretien-bio/vaisselle/id0/687255.html">Vaisselle </a></li></ul></li></ul><?xml version="1.0" encoding="UTF-8"?><a href="http://www.auchandirect.fr/rayon/872512"><img src="http://www.auchandirect.fr/static/s1213entretien.jpg" alt="Promo sur Moltonel" title="Promo sur Moltonel" width="150" height="275" /></a>    
<div class="clear"></div></div><div class="clear"></div></div></div></div></li><li><a title="RR1013" href="431977.html#">Animaux<br/>Maison</a><div class="hovered_big_menu" id="4152"><div class="menu-panel"><div class="menu-listes-container float-container"><div class="menu-listes"><ul class="menu menu-horizontal menu_left"><li><h3><a title="RR2051" rel="page-501" href="../../../../id3/415/501.html">Animaux</a></h3><ul class="menu"><li><a href="../../../../animaux-maison/animaux/chats/id0/797.html">Chats</a></li><li><a href="../../../../animaux-maison/animaux/chiens/id0/798.html">Chiens</a></li><li><a href="../../../../animaux-maison/animaux/rongeurs---autres-animaux/id0/796.html">Rongeurs - Autres animaux</a></li></ul></li><li><h3><a title="RR2054" rel="page-503" href="../../../../id3/415/503.html">Droguerie</a></h3><ul class="menu"><li><a href="../../../../animaux-maison/droguerie/d%25C3%25A9sodorisants/id0/802.html">Désodorisants</a></li><li><a href="../../../../animaux-maison/droguerie/bougies,-allumettes/id0/799.html">Bougies, Allumettes</a></li><li><a href="../../../../animaux-maison/droguerie/insecticides/id0/803.html">Insecticides</a></li><li><a href="../../../../animaux-maison/droguerie/cirages/id0/801.html">Cirages</a></li></ul></li><li><h3><a title="RR2055" rel="page-505" href="../../../../id3/415/505.html">Maison pratique</a></h3><ul class="menu"><li><a href="../../../../animaux-maison/maison-pratique/accessoires-cuisine/id0/804.html">Accessoires Cuisine</a></li><li><a href="../../../../animaux-maison/maison-pratique/ampoules,-piles/id0/806.html">Ampoules, Piles</a></li><li><a href="../../../../animaux-maison/maison-pratique/allumettes/id0/808.html">Allumettes</a></li><li><a href="../../../../animaux-maison/maison-pratique/divers/id0/805.html">Divers</a></li></ul></li><li><h3><a title="RR2056" rel="page-504" href="../../../../id3/415/504.html">Papeterie</a></h3><ul class="menu"><li><a href="../../../../animaux-maison/papeterie/ecriture/id0/813.html">Ecriture</a></li><li><a href="../../../../animaux-maison/papeterie/papiers,-cahiers/id0/812.html">Papiers, Cahiers</a></li><li><a href="../../../../animaux-maison/papeterie/cartouches-imprimantes/id0/809.html">Cartouches imprimantes</a></li></ul></li><li><h3><a title="RR2052" rel="page-502" href="../../../../id3/415/502.html">Textile</a></h3><ul class="menu"><li><a href="../../../../animaux-maison/textile/collants,-leggings/id0/815.html">Collants, Leggings</a></li><li><a href="../../../../animaux-maison/textile/bas,-mi-bas/id0/814.html">Bas, Mi-bas</a></li><li><a href="../../../../animaux-maison/textile/destockage/id0/924212.html">Destockage</a></li></ul></li></ul><?xml version="1.0" encoding="UTF-8"?><a href="http://www.auchandirect.fr/rayon/565021"><img src="http://www.auchandirect.fr/static/s1213maison.jpg" alt="Promo sur Whiskas" title="Promo sur Whiskas" width="150" height="275" /></a>    
<div class="clear"></div></div><div class="clear"></div></div></div></div></li><li><a title="titre Boutiques" rel="page-boutiques" href="431977.html#">Boutiques</a><div class="hovered_big_menu" id="4152"><div class="menu-panel"><div class="menu-listes-container float-container"><?xml version="1.0" encoding="UTF-8"?><div class="boutique-cont" style="background: none repeat scroll 0% 0% #ffffff; border-radius: 8px 8px 8px 8px; padding: 5px">
<div class="promo-moment" style="width: 590px; margin: 0px 0px 10px; float: left">
<h1>&Agrave; ne pas rater en ce moment</h1>
<ul>
	<li style="padding: 0px 12px; margin: 17px 0px">	
	<a style="background: none repeat scroll 0% 0% transparent ! important; border-left: medium none ! important; margin: 0px ! important; height: auto" href="http://www.auchandirect.fr/rayon/653712"><img src="http://www.auchandirect.fr/static/produitsmoins1euro.jpg" alt="Faites-vous plaisir!" /></a>	
	<h2>Faites-vous plaisir &agrave; petit prix</h2>	
	<p>
	Retrouvez plus de 100 produits du quotidien &agrave; moins d'1 euro  	
	</p>
	<a href="http://www.auchandirect.fr/rayon/653712">&gt;&gt; Voir les offres</a>	</li>	
	<li style="padding: 0px 12px; margin: 17px 0px"><a style="background: none repeat scroll 0% 0% transparent ! important; border-left: medium none ! important; margin: 0px ! important; height: auto" href="../../../../rayon.pagetemplate.fancycloseprovidergabarit.closebuttonhk%3Ft:ac=promos.html"><img src="http://www.auchandirect.fr/static/100promos.jpg" alt="Bonne Ann&eacute;e!" /> 	</a>	
	<h2>En promotion en ce moment ...</h2>	
	<p>
	Plus de 100 promos vous attendent chaque semaine
	</p>
	<a href="../../../../rayon.pagetemplate.fancycloseprovidergabarit.closebuttonhk%3Ft:ac=promos.html">&gt;&gt; Voir les offres</a>	</li>
</ul>
</div>
<div class="produits-a-decouvrir" style="float: right; margin: 0px 0px 10px">
<h2 style="color: #ffffff; background: none repeat scroll 0% 0% #ff7f1e; border-radius: 6px 6px 0px 0px">Je ma&icirc;trise mon budget</h2>
<ul>
	<li class="first-bord" style="float: left; border-top: 1px solid #ff7f1e ! important; padding-left: 9px">	<a style="background: none repeat scroll 0% 0% transparent ! important; border-left: medium none ! important; padding: 0px; margin: 0px ! important; float: left" href="http://www.auchandirect.fr/rayon/471412"><img src="http://www.auchandirect.fr/static/produitsauchan2.gif" alt="Produits Auchan" /></a>  	
	<div class="infos">
	<h3 style="font-size: 1.2em">Produits Auchan</h3>	
	<p style="font-size: 12px">
	Retrouvez une s&eacute;lection de pr&egrave;s de 100 produits Auchan du quotidien &agrave; petit prix	
	</p>
	<a style="border: medium none ! important; padding-left: 0px ! important" href="http://www.auchandirect.fr/rayon/471412">&gt;&gt; 	Parcourir</a>	
	</div>
	</li>	
	<li style="float: left; padding-left: 9px">	
	<a style="background: none repeat scroll 0% 0% transparent ! important; border-left: medium none ! important; padding: 0px; margin: 0px ! important; float: left" href="http://www.auchandirect.fr/rayon/82018"><img src="http://www.auchandirect.fr/static/bio1euro.gif" alt="Bioa1euro" /></a>
	<div class="infos">
	<h3 style="font-size: 1.2em">Le bio &agrave; moins d' 1 euro</h3>
	<p style="font-size: 12px">
	Restez bio toute l'ann&eacute;e sans vous ruiner !<a style="border: medium none ! important; padding-left: 0px ! important" href="http://www.auchandirect.fr/rayon/82018">&gt;&gt; D&eacute;couvrir</a>	
	</p>
	</div>
	</li>	
	<li style="float: left; padding-left: 9px">	<a style="background: none repeat scroll 0% 0% transparent ! important; border-left: medium none ! important; padding: 0px; margin: 0px ! important; float: left"><img src="http://www.auchandirect.fr/static/riketrok.gif" alt="Rik et Rok" /></a>	
	<div class="infos">
	<h3 style="font-size: 1.2em">Rik&amp;Rok</h3>	
	<p style="font-size: 12px">
	La gamme ludique et savoureuse pour le plus grand bonheur de vos enfants !	
	</p>
	<a style="border: medium none ! important; padding-left: 0px ! important" href="http://www.auchandirect.fr/rayon/562314">&gt;&gt; D&eacute;couvrir</a>	
	</div>
	</li>
</ul>
</div>
<div class="promo-bottom" style="margin: 0px ! important; overflow: hidden">
<a style="background: none repeat scroll 0% 0% transparent ! important; border-left: medium none ! important; padding: 0px; margin: 0px ! important; float: left" href="http://auchandirect.photobox.fr/content/private-sales?cid=banvpi012013"><img src="http://www.auchandirect.fr/static/photobox.jpg" alt="Auchan direct photo" /></a>
<h1 style="width: 440px">Offre de bienvenue : <span> 50 tirages photos offerts</span></h1>
<a style="border: medium none ! important" href="http://auchandirect.photobox.fr/inscription?cid=banpermanente" class="btn-offre">J'y vais !</a>
</div>
</div>
</div></div></div></li></ul></div><div><script language="javascript">
var tc_vars = new Array();
/* Partie Environnement */
tc_vars["env_template"]="Sous Rayon";
tc_vars["env_work"]="prod";
tc_vars["env_channel"]="web";
tc_vars["env_language"]="français";
tc_vars["env_country"]="France";
tc_vars["env_dnt"]="disabled";
/* Partie Users */
tc_vars["user_rcw"]="";
tc_vars["user_id"]="";
tc_vars["user_gender"]="";
tc_vars["user_category"]="";
tc_vars["user_recency"]="";
tc_vars["user_frequency"]="";
tc_vars["user_amount"]="";
tc_vars["user_smb"]="";
tc_vars["user_logged"]="0";
tc_vars["user_age"]="";
tc_vars["user_scoring"]="000";
tc_vars["user_store"]="Morangis";
tc_vars["user_postalcode"]="91420";
/* Partie Tree structure */
tc_vars["page_cat1"]="Marché";
tc_vars["page_cat2"]="Boucherie - Volaille";
tc_vars["page_cat3"]="Les pièces du Boucher";
tc_vars["page_name"]="Courses en ligne, livraison à domicile en 24h - Auchandirect.fr";
tc_vars["page_error"]="";
/* Partie Panier */
tc_vars["order_id"]="";
tc_vars["basket_id"]="0";
tc_vars["order_amount_ati_without_sf"]="";
tc_vars["order_amount_ati_with_sf"]="";
tc_vars["order_discount_ati"]="";
tc_vars["order_ship_ati"]="";
tc_vars["order_amount_tf_without_sf"]="";
tc_vars["order_amount_tf_with_sf"]="";
tc_vars["order_discount_tf"]="";
tc_vars["order_ship_tf"]="";
tc_vars["order_newcustomer"]="";
tc_vars["order_tax"]="";
tc_vars["order_payment_methods"]="";
tc_vars["order_shipping_method"]="LAD";
tc_vars["order_status"]="";
tc_vars["order_promo_codes"]="";
tc_vars["order_currency"]="";
tc_vars["order_email"]="";
tc_vars["order_email_optin"]="";
tc_vars["order_products_number"]="0";

tc_vars["order_products"] = new Array();

/* Partie Produit */
tc_vars["product_id"]="";
tc_vars["product_id_cug"]="";
tc_vars["product_id_upsell1"]="";
tc_vars["product_id_upsell2"]="";
tc_vars["product_id_upsell3"]="";
tc_vars["product_id_crossell1"]="";
tc_vars["product_id_crossell2"]="";
tc_vars["product_id_crossell3"]="";
tc_vars["product_name"]="";
tc_vars["product_unitprice_ati"]="";
tc_vars["product_unitprice_tf"]="";
tc_vars["product_currency"]="";
tc_vars["product_trademark"]="";
tc_vars["product_url_page"]="";
tc_vars["product_url_picture"]="";
tc_vars["product_isbundle"]="";
tc_vars["product_breadcrumb_id"]="";
tc_vars["product_breadcrumb_label"]="";
tc_vars["product_rating"]="";
tc_vars["product_instock"]="";
/* Partie Liste Produit */
tc_vars["list_products"] = new Array();

tc_vars["list_products"][0] = new Array();
tc_vars["list_products"][0]["list_product_id"]="52542";
tc_vars["list_products"][0]["list_product_id_cug"]="57202";
tc_vars["list_products"][0]["list_product_id_upsell1"]="";
tc_vars["list_products"][0]["list_product_id_upsell2"]="";
tc_vars["list_products"][0]["list_product_id_upsell3"]="";
tc_vars["list_products"][0]["list_product_id_crossell1"]="";
tc_vars["list_products"][0]["list_product_id_crossell2"]="";
tc_vars["list_products"][0]["list_product_id_crossell3"]="";
tc_vars["list_products"][0]["list_product_name"]="Selle d'agneau roulée";
tc_vars["list_products"][0]["list_product_unitprice_ati"]="9.22€";
tc_vars["list_products"][0]["list_product_discount_ati"]="0.00€";
tc_vars["list_products"][0]["list_product_unitprice_tf"]="9.22€";
tc_vars["list_products"][0]["list_product_currency"]="EUR";
tc_vars["list_products"][0]["list_product_trademark"]="AGNEAU";
tc_vars["list_products"][0]["list_product_url_page"]="http://www.refonte.auchandirect.fr/detailproduit/460/57202";
tc_vars["list_products"][0]["list_product_url_picture"]="http://www.refonte.auchandirect.fr/static/images/products/detail/57202.jpg";
tc_vars["list_products"][0]["list_product_isbundle"]="N";
tc_vars["list_products"][0]["list_product_breadcrumb_id"]="460";
tc_vars["list_products"][0]["list_product_breadcrumb_label"]="Boucherie - Volaille";
tc_vars["list_products"][0]["list_product_rating"]="";
tc_vars["list_products"][0]["list_product_instock"]="Y";
tc_vars["list_products"][0]["list_product_totalprice_tf"]="9.22€"
tc_vars["list_products"][0]["list_product_trademark"]="AGNEAU"

tc_vars["list_products"][1] = new Array();
tc_vars["list_products"][1]["list_product_id"]="52545";
tc_vars["list_products"][1]["list_product_id_cug"]="57201";
tc_vars["list_products"][1]["list_product_id_upsell1"]="";
tc_vars["list_products"][1]["list_product_id_upsell2"]="";
tc_vars["list_products"][1]["list_product_id_upsell3"]="";
tc_vars["list_products"][1]["list_product_id_crossell1"]="";
tc_vars["list_products"][1]["list_product_id_crossell2"]="";
tc_vars["list_products"][1]["list_product_id_crossell3"]="";
tc_vars["list_products"][1]["list_product_name"]="Sauté d'agneau pour tajine";
tc_vars["list_products"][1]["list_product_unitprice_ati"]="14.80€";
tc_vars["list_products"][1]["list_product_discount_ati"]="0.00€";
tc_vars["list_products"][1]["list_product_unitprice_tf"]="14.80€";
tc_vars["list_products"][1]["list_product_currency"]="EUR";
tc_vars["list_products"][1]["list_product_trademark"]="AGNEAU";
tc_vars["list_products"][1]["list_product_url_page"]="http://www.refonte.auchandirect.fr/detailproduit/460/57201";
tc_vars["list_products"][1]["list_product_url_picture"]="http://www.refonte.auchandirect.fr/static/images/products/detail/57201.jpg";
tc_vars["list_products"][1]["list_product_isbundle"]="N";
tc_vars["list_products"][1]["list_product_breadcrumb_id"]="460";
tc_vars["list_products"][1]["list_product_breadcrumb_label"]="Boucherie - Volaille";
tc_vars["list_products"][1]["list_product_rating"]="";
tc_vars["list_products"][1]["list_product_instock"]="Y";
tc_vars["list_products"][1]["list_product_totalprice_tf"]="14.80€"
tc_vars["list_products"][1]["list_product_trademark"]="AGNEAU"

tc_vars["list_products"][2] = new Array();
tc_vars["list_products"][2]["list_product_id"]="52555";
tc_vars["list_products"][2]["list_product_id_cug"]="57215";
tc_vars["list_products"][2]["list_product_id_upsell1"]="";
tc_vars["list_products"][2]["list_product_id_upsell2"]="";
tc_vars["list_products"][2]["list_product_id_upsell3"]="";
tc_vars["list_products"][2]["list_product_id_crossell1"]="";
tc_vars["list_products"][2]["list_product_id_crossell2"]="";
tc_vars["list_products"][2]["list_product_id_crossell3"]="";
tc_vars["list_products"][2]["list_product_name"]="Carré 8 côtes";
tc_vars["list_products"][2]["list_product_unitprice_ati"]="18.90€";
tc_vars["list_products"][2]["list_product_discount_ati"]="0.00€";
tc_vars["list_products"][2]["list_product_unitprice_tf"]="18.90€";
tc_vars["list_products"][2]["list_product_currency"]="EUR";
tc_vars["list_products"][2]["list_product_trademark"]="AGNEAU";
tc_vars["list_products"][2]["list_product_url_page"]="http://www.refonte.auchandirect.fr/detailproduit/460/57215";
tc_vars["list_products"][2]["list_product_url_picture"]="http://www.refonte.auchandirect.fr/static/images/products/detail/57215.jpg";
tc_vars["list_products"][2]["list_product_isbundle"]="N";
tc_vars["list_products"][2]["list_product_breadcrumb_id"]="460";
tc_vars["list_products"][2]["list_product_breadcrumb_label"]="Boucherie - Volaille";
tc_vars["list_products"][2]["list_product_rating"]="";
tc_vars["list_products"][2]["list_product_instock"]="Y";
tc_vars["list_products"][2]["list_product_totalprice_tf"]="18.90€"
tc_vars["list_products"][2]["list_product_trademark"]="AGNEAU"

tc_vars["list_products"][3] = new Array();
tc_vars["list_products"][3]["list_product_id"]="52549";
tc_vars["list_products"][3]["list_product_id_cug"]="57207";
tc_vars["list_products"][3]["list_product_id_upsell1"]="";
tc_vars["list_products"][3]["list_product_id_upsell2"]="";
tc_vars["list_products"][3]["list_product_id_upsell3"]="";
tc_vars["list_products"][3]["list_product_id_crossell1"]="";
tc_vars["list_products"][3]["list_product_id_crossell2"]="";
tc_vars["list_products"][3]["list_product_id_crossell3"]="";
tc_vars["list_products"][3]["list_product_name"]="Tranche de gigot d'agneau avec os";
tc_vars["list_products"][3]["list_product_unitprice_ati"]="9.52€";
tc_vars["list_products"][3]["list_product_discount_ati"]="0.00€";
tc_vars["list_products"][3]["list_product_unitprice_tf"]="9.52€";
tc_vars["list_products"][3]["list_product_currency"]="EUR";
tc_vars["list_products"][3]["list_product_trademark"]="AGNEAU";
tc_vars["list_products"][3]["list_product_url_page"]="http://www.refonte.auchandirect.fr/detailproduit/460/57207";
tc_vars["list_products"][3]["list_product_url_picture"]="http://www.refonte.auchandirect.fr/static/images/products/detail/57207.jpg";
tc_vars["list_products"][3]["list_product_isbundle"]="N";
tc_vars["list_products"][3]["list_product_breadcrumb_id"]="460";
tc_vars["list_products"][3]["list_product_breadcrumb_label"]="Boucherie - Volaille";
tc_vars["list_products"][3]["list_product_rating"]="";
tc_vars["list_products"][3]["list_product_instock"]="Y";
tc_vars["list_products"][3]["list_product_totalprice_tf"]="9.52€"
tc_vars["list_products"][3]["list_product_trademark"]="AGNEAU"

tc_vars["list_products"][4] = new Array();
tc_vars["list_products"][4]["list_product_id"]="52552";
tc_vars["list_products"][4]["list_product_id_cug"]="57211";
tc_vars["list_products"][4]["list_product_id_upsell1"]="";
tc_vars["list_products"][4]["list_product_id_upsell2"]="";
tc_vars["list_products"][4]["list_product_id_upsell3"]="";
tc_vars["list_products"][4]["list_product_id_crossell1"]="";
tc_vars["list_products"][4]["list_product_id_crossell2"]="";
tc_vars["list_products"][4]["list_product_id_crossell3"]="";
tc_vars["list_products"][4]["list_product_name"]="Cote d'agneau seconde";
tc_vars["list_products"][4]["list_product_unitprice_ati"]="8.50€";
tc_vars["list_products"][4]["list_product_discount_ati"]="0.00€";
tc_vars["list_products"][4]["list_product_unitprice_tf"]="8.50€";
tc_vars["list_products"][4]["list_product_currency"]="EUR";
tc_vars["list_products"][4]["list_product_trademark"]="AGNEAU";
tc_vars["list_products"][4]["list_product_url_page"]="http://www.refonte.auchandirect.fr/detailproduit/460/57211";
tc_vars["list_products"][4]["list_product_url_picture"]="http://www.refonte.auchandirect.fr/static/images/products/detail/57211.jpg";
tc_vars["list_products"][4]["list_product_isbundle"]="N";
tc_vars["list_products"][4]["list_product_breadcrumb_id"]="460";
tc_vars["list_products"][4]["list_product_breadcrumb_label"]="Boucherie - Volaille";
tc_vars["list_products"][4]["list_product_rating"]="";
tc_vars["list_products"][4]["list_product_instock"]="Y";
tc_vars["list_products"][4]["list_product_totalprice_tf"]="8.50€"
tc_vars["list_products"][4]["list_product_trademark"]="AGNEAU"

/* Partie Recherche */
tc_vars["search_keywords"]="";
tc_vars["search_page_number"]="";
tc_vars["search_results_number"]="";
tc_vars["search_filters"]="";
</script><script src="http://www.auchandirect.fr/static/scripts/tc_AuchanDirect_1.js" type="text/javascript"></script><NOSCRIPT><IFRAME height="1" width="1" src="http://redirect234.tagcommander.com/utils/noscript.php?id=1&amp;mode=iframe"></IFRAME></NOSCRIPT></div><div class="float-container" id="content"><div class="top-content float-container"><div class="main-content"><div class="float-container" id="breadcrumb"><div id="breadcrumb-container"><form onsubmit="javascript:Tapestry.waitForPage(event);" action="http://www.auchandirect.fr/rayon.breadcrumbcategory.breadselectform" method="post" id="breadSelectForm" name="breadSelectForm"><div class="t-invisible"><input value="431977" name="t:ac" type="hidden"></input><input value="H4sIAAAAAAAAAL1SPUgcQRSeiAbERgKxEw1oYeHoqXeeBlEjXJrDBFcFG+HtzNtzdHZmnZlVj0DqFOnTCUK6aNr0sQg2Noq9YCtIAlYKzkbBKvEOD6vhzff4ft57u+ekZbOLdM5BVavx0CBwZtI4ZOCwok2VSq0TawjVpkIhAbaC1EGC1plqnjJtUIrQv3GiFSpnadn39+T73x2c9JEPB02EbCWN588tne39iX4c7dTMP1sX/5zHPRQ4z1IyOg6yis9I4VsWQabY/+Xn8SfSfd1EnpVJG7sHHHlRXoUNGJCgKgOBM0JVXm8ljpS8BgWn7aY2kkuhkBpBIWUroCgXBpmjkdHKUQ4O6JssyUyWZF6voZoazWNuMDdaaPwsR34nUd/bjm+TNc5ynXwkzY/OM8yHcgUW8Qf1MrnWp3M1Fg4Vi2ONclXvLgqD7RfF5a+fJ2538Yp0/ZPfovRhvEL+vwohWKTTof8E5koCJe8J0KVJ78J+2+nLX1d3B+wnYrSchRizZC3ZwT6/VajNxHS9Jt4bzdDaIA1jYa3Qav87H4kutw//Jr8BnYyAjpYEAAA=" name="t:formdata" type="hidden"></input></div><p class="menu-horizontal"><a href="../../../../loadswitcher.html">Accueil</a> &gt;
<a href="../../../../id2/404.html">Marché</a> &gt;
<a href="../../../../id3/404/460.html">Boucherie - Volaille</a> &gt;
<select onChange="window.location.href='/rayon/' + options[selectedIndex].value;" class="form-select" id="select" name="select"><option selected="selected" value="431977">Les pièces du Boucher</option><option value="601">Bœuf</option><option value="600">Porc, Veau, Agneau</option><option value="603">Poulet, Dinde, Autres Volailles</option><option value="602">Saucisse, Viandes Cuisinées, Snack, Sauce</option><option value="717040">Steacks Hachés</option></select><img id="select-icon" class="t-error-icon t-invisible" alt="" src="http://www.auchandirect.fr/assets/tapestry/5.1.0.5/spacer.gif"/></p><input style="display:none;" id="breadSelectFormSubmit" type="submit"></input></form></div></div><!-- zone edit - Bannière haute --><div class="zone-admin diff-zone"></div><!-- DEBUT DE LA BARRE TITRE --><!-- div id="wrap-liste-produits-nav" class="">
						<div id="liste-produits-nav" class="clear-container float-container">
					
							
							
							<div id="liste-produits-tri" class="float-container">
							
							<div class="titre-produits">
								<h2>
									<span class="titre-principal">
										<t:outputraw value="categoryTitle" />
									</span>
									<span class="titre-secondaire"> ${nbProductsMsg}</span>
								</h2>
							</div>
							
							<t:zone t:id="headerListZone" t:update="show">
							<form t:type="form" t:id="sortForm" t:zone="productListZone" t:autofocus="false">
							<p class="liste-produits-choix-affichage" t:type="zone" t:update="show" id="productDisplayTypeZone">
									<p class="liste-produits-choix-affichage">
										<select t:type="select" t:id="sort" class="form-select" t:blankOption="NEVER" onChange="document.getElementById('sortBySubmit').click();" />
										<input type="submit" id="sortBySubmit" style="display:none;" />
										
										<a t:type="actionlink" t:id="list" t:zone="productListZone" class="bt-liste ${pdtDisplayListStyle}">${message:category.display.type.list}</a>
										<a t:type="actionlink" t:id="thumbnail" t:zone="productListZone" class="bt-grille ${pdtDisplayGridStyle}">${message:category.display.type.thumbnail}</a>
									</p>
								</p>
								</form>
								
								</t:zone>
								
								
							</div>
							
							<ul t:type="zone" id="labelZone" t:update="show" class="liste-produits-menu menu menu-horizontal clear-container">
								<t:delegate to="labelBlock" / --><!-- liste des capsules de tri (marques) --><!-- t:block t:id="labelBlock">
									
									<li class="item">
									<t:if test="isAllSubCatActive">
											<a class="active">${message:category.sub.all}</a>
										<p:else>
											<a t:type="actionlink" t:zone="labelZone" t:id="showAll">${message:category.sub.all}</a>
										</p:else>
									</t:if>
									</li>	
										
									<t:if test="specificCategory">
										<t:loop source="categoriesAll" value="cat">
											<li class="item">
												<t:if test="isCatDisable">
													<a class="non_active">${cat.label}</a>
												<p:else>
													<t:if test="isCatActive">
														<a class="active">${cat.label}</a>
													<p:else>
														<a t:type="actionlink" t:zone="labelZone" t:id="viewCat" t:context="cat.shelfId">${cat.label}</a>
													</p:else>
													</t:if>
												</p:else>
												</t:if>
											</li>
										</t:loop>
									</t:if>	
										
									<t:unless test="specificCategory">
										<t:loop source="subCategories" value="subCat">
											<li class="item">
												<t:if test="isSubCatDisable">
													<a class="non_active">${subCat.label}</a>
												<p:else>
													<t:if test="isSubCatActive">
														<a class="active">${subCat.label}</a>
													<p:else>
														<a t:type="actionlink" t:zone="labelZone" t:id="viewSubCat" t:context="subCat.shelfId">${subCat.label}</a>
													</p:else>
													</t:if>
												</p:else>
												</t:if>
											</li>
										</t:loop>
										
										<t:if test="hasBioFilter">
											<li class="bio">
												<a t:type="actionlink" t:zone="labelZone" t:id="bioLabel">${message:category.label.bio}</a>
											</li>
										</t:if>
										
									</t:unless>
									
								<t:if test="showPromo">
									<t:if test="isPromoCatActive">
										<li class="item caseprom">
											<a class="menu-top-promos activo" title="promos">${message:specificcategory.promotions}</a>
										</li>
									<p:else>
										<li class="item">
											<a class="menu-top-promos" title="promos" t:type="actionlink" t:zone="productListZone" t:id="filterPromos">${message:specificcategory.promotions}</a>
										</li>
									</p:else>
									</t:if>
									<p:else>
										<t:if test="isNotPromoPage">
											<li class="item">
												<a class="non_active" title="promos">${message:specificcategory.promotions}</a>
											</li>
										</t:if>
									</p:else>
								</t:if>
								
								<t:if test="showNews">
									<t:if test="isNewsCatActive">
										<li class="item">
											<a class="menu-top-nouveautes activon" title="nouveautes">${message:specificcategory.news}</a>
										</li>
									<p:else>
										<li class="item">
											<a class="menu-top-nouveautes" title="nouveautes" t:type="actionlink" t:zone="productListZone" t:id="filterNews">${message:specificcategory.news}</a>
										</li>
									</p:else>
									</t:if>
									<p:else>
										<t:if test="isNotNewsPage">
											<li class="item">
												<a class="non_active" title="nouveautes">${message:specificcategory.news}</a>
											</li>
										</t:if>
									</p:else>
								</t:if>
								
								<t:if test="showPdtAuchan">
									<t:if test="isAuchanCatActive">
										<li class="item">
											<a class="menu-top-produits-auchan activen" title="produits Auchan">${message:specificcategory.retailer_brand}</a>
										</li>
										<p:else>
											<li class="item">
												<a class="menu-top-produits-auchan" title="produits Auchan" t:type="actionlink" t:zone="productListZone" t:id="filterAuchan">${message:specificcategory.retailer_brand}</a>
											</li>
										</p:else>
									</t:if>
									<p:else>
										<t:if test="isNotAuchanPage">
											<li class="item">
												<a class="non_active" title="produits Auchan">${message:specificcategory.retailer_brand}</a>
											</li>
										</t:if>
									</p:else>
								</t:if>
								</t:block>
						</ul>
						</div>
						
						<div class="clear"></div>
						
						<t:zone t:id="moreProductListZone" t:update="show">
						<t:if test="!specificCategory">
								<t:if test="brands">
										<t:if test="isBrandFilterExpanded">
											<p class="link_hide_marque" style="display: block;">
											<a t:type="actionlink" t:zone="labelZone" t:id="hideAllBrands" title="${message:category.brands.hide.title}">${maskAllBrandsLink}</a>
											<img src="/static/images/down_arrow.png" />
											</p>
											
												<ul id="" class="liste-produits-menu menu menu-horizontal clear-container marques_liste" style="display: block;">
													<t:loop source="brands" value="brand">
														<li class="item">
															<t:if test="isBrandDisable">
																<a class="non_active">${brand}</a>
															<p:else>
																<t:if test="isBrandActive">
																	<a class="active">${brand}</a>
																<p:else>
																	<a t:type="actionlink" t:zone="labelZone" t:id="viewBrand" t:context="brand">${brand}</a>
																</p:else>
																</t:if>
															</p:else>
															</t:if>
														</li>
													</t:loop>
												</ul>
											
										<p:else>
											<p class="link_show_marque" style="display: block;">
											<a t:type="actionlink" t:zone="labelZone" t:id="viewAllBrands" title="${viewAllBrandsTitle}">${viewAllBrandsLink}</a>
											<img src="/static/images/down_arrow.png" />
											</p>
										</p:else>
										</t:if>
								</t:if>
							</t:if>
						</t:zone>
						
						</div --><!-- FIN DE LA BARRE TITRE --><div><!-- ***************** DEBUT DU BLOC TITRE ***************** --><div class="" id="wrap-liste-produits-nav"><div class="clear-container float-container" id="liste-produits-nav"><div class="float-container" id="liste-produits-tri"><div class="titre-produits"><h1><span class="titre-principal">Les pièces du Boucher</span><span class="titre-secondaire"> - 65 produits</span></h1></div><div class="t-zone" id="headerListZone"><form onsubmit="javascript:Tapestry.waitForPage(event);" action="http://www.auchandirect.fr/rayon.productgridorlist.sortform" method="post" id="sortForm" name="sortForm"><div class="t-invisible"><input value="431977" name="t:ac" type="hidden"></input><input value="H4sIAAAAAAAAAJXOMZJBQRCA4aaIZKpkWxuRjoTERhKR2lJeOUC/eeMZNaanuvvtchknUC4hkLnDHmBTkQA3IP2T/zv8Q/P3Ez7muKM4SkxFZbVkXxAHL2qEWIVhSFwaTGhXzigmJ8q7obHELvjc5CjOjPNHRKsT70LRzZxWqbc4tf4651sdalNoWYrKFL5x4xTa0zX+YD9gLPuZso/l1zYpNJ6/Fzzjdz0zJutEsirfeBFP8XQsBsvr/lIH2KY7aUKP/AYBAAA=" name="t:formdata" type="hidden"></input></div><p class="liste-produits-choix-affichage t-zone" id="productDisplayTypeZone"><p class="liste-produits-choix-affichage"><select onChange="document.getElementById('sortBySubmit').click();" class="form-select" id="sort" name="sort"><option selected="selected" value="MARQUE_ASC">Trier par marque A-Z</option><option value="MARQUE_DESC">Trier par marque Z-A</option><option value="PRICE_ASC">Trier du moins cher au plus cher</option><option value="PRICE_DESC">Trier du plus cher au moins cher</option><option value="PRICEQTE_ASC">Trier par prix/quantité croissant</option><option value="PRICEQTE_DESC">Trier par prix/quantité décroissant</option></select><img id="sort-icon" class="t-error-icon t-invisible" alt="" src="http://www.auchandirect.fr/assets/tapestry/5.1.0.5/spacer.gif"/><input style="display: none;" id="sortBySubmit" value="Valider" type="submit"></input><a id="list" onclick="javascript:Tapestry.waitForPage(event);" class="bt-liste " href="http://www.auchandirect.fr/rayon.productgridorlist.list?t:ac=431977">en liste</a><a id="thumbnail" onclick="javascript:Tapestry.waitForPage(event);" class="bt-grille active" href="http://www.auchandirect.fr/rayon.productgridorlist.thumbnail?t:ac=431977">en grille</a></p></p></form></div></div><ul class="liste-produits-menu menu menu-horizontal clear-container t-zone" id="labelZone"><li class="item"><a class="active">TOUS</a></li><li class="item"><a id="viewSubCatPgol" onclick="javascript:Tapestry.waitForPage(event);" href="http://www.auchandirect.fr/rayon.productgridorlist.viewsubcatpgol/432864?t:ac=431977">Boeuf</a></li><li class="item"><a id="viewSubCatPgol_0" onclick="javascript:Tapestry.waitForPage(event);" href="http://www.auchandirect.fr/rayon.productgridorlist.viewsubcatpgol/432865?t:ac=431977">Agneau -Veau</a></li><li class="item"><a id="viewSubCatPgol_1" onclick="javascript:Tapestry.waitForPage(event);" href="http://www.auchandirect.fr/rayon.productgridorlist.viewsubcatpgol/432866?t:ac=431977">Poulet - Dinde</a></li><li class="item"><a id="viewSubCatPgol_2" onclick="javascript:Tapestry.waitForPage(event);" href="http://www.auchandirect.fr/rayon.productgridorlist.viewsubcatpgol/432867?t:ac=431977">Charcuterie</a></li><li class="item"><a title="promos" class="non_active">Promotions</a></li><li class="item"><a title="nouveautes" class="non_active">Nouveautés</a></li><li class="item"><a title="produits Auchan" class="non_active">Produits Auchan</a></li><!-- liste des capsules de tri (marques) --></ul></div><div class="clear"></div><div class="t-zone" id="moreProductListZone"><p style="display: block;" class="link_show_marque"><a id="viewAllBrands" onclick="javascript:Tapestry.waitForPage(event);" title="Voir les 7 éléments supplémentaires" href="http://www.auchandirect.fr/rayon.productgridorlist.viewallbrands?t:ac=431977">Afficher les 7 marques</a><img src="http://www.auchandirect.fr/static/images/down_arrow.png"/></p></div></div><!-- ***************** FIN DU BLOC TITRE ***************** --><div class="t-zone" id="productListZone"><div class="liste clear-container" id="liste-produits-grille"><table><tr><td><!-- PL : ici --><div class="bloc-produit "><div class="bloc-produit-content   "><a title="Voir le produit" href="http://www.auchandirect.fr/marché/boucherie---volaille/selle-d'agneau-roulée/id1/460/57202"><img src="http://www.auchandirect.fr/static/images/products/line/57202.jpg" alt="" class="produit "/></a><div class="picto"><span class="invisible"></span></div><div class="boutons-produit"><a id="addProductToBasket" onclick="javascript:Tapestry.waitForPage(event);" title="Ajouter au panier" class="bt-produit-ajout-panier" href="http://www.auchandirect.fr/rayon.productgridorlist.productlist_1.thumbnailproduct_0.addproducttobasket/57202?t:ac=431977"><span>Ajouter au panier</span></a><a id="addProductToShoppingList" onclick="javascript:Tapestry.waitForPage(event);" title="Ajouter à ma liste" class="bt-produit-ajout-liste" href="http://www.auchandirect.fr/rayon.productgridorlist.productlist_1.thumbnailproduct_0.addproducttoshoppinglist/57202?t:ac=431977">Ajouter à ma liste</a></div><div class="infos-produit-1"><div class="prix-actuel"><span>9.22€</span></div></div><div class="infos-produit-2"><a title="Voir le produit" href="http://www.auchandirect.fr/marché/boucherie---volaille/selle-d'agneau-roulée/id1/460/57202"><h2>AGNEAU</h2><h4>Selle d'agneau roulée</h4><h4>Noisette</h4><p>
320 g
<br/>
28.81€/kg
</p></a></div><div class="mini_picto_bas"><!-- FIXME IDEM --><span class="com.atosworldline.ri.auchan.direct.front.tapestry.data.multimedia.Picture@4a9d0276 pictoListing txtImg">XXXXX</span><!-- FIXME IDEM --><span class="com.atosworldline.ri.auchan.direct.front.tapestry.data.multimedia.Picture@a0cb73f pictoListing txtImg">XXXXX</span></div></div></div></td><td><!-- PL : ici --><div class="bloc-produit "><div class="bloc-produit-content   "><a title="Voir le produit" href="http://www.auchandirect.fr/marché/boucherie---volaille/sauté-d'agneau-pour-tajine/id1/460/57201"><img src="http://www.auchandirect.fr/static/images/products/line/57201.jpg" alt="" class="produit "/></a><div class="picto"><span class="invisible"></span></div><div class="boutons-produit"><a id="addProductToBasket_0" onclick="javascript:Tapestry.waitForPage(event);" title="Ajouter au panier" class="bt-produit-ajout-panier" href="http://www.auchandirect.fr/rayon.productgridorlist.productlist_1.thumbnailproduct_0.addproducttobasket/57201?t:ac=431977"><span>Ajouter au panier</span></a><a id="addProductToShoppingList_0" onclick="javascript:Tapestry.waitForPage(event);" title="Ajouter à ma liste" class="bt-produit-ajout-liste" href="http://www.auchandirect.fr/rayon.productgridorlist.productlist_1.thumbnailproduct_0.addproducttoshoppinglist/57201?t:ac=431977">Ajouter à ma liste</a></div><div class="infos-produit-1"><div class="prix-actuel"><span>14.80€</span></div></div><div class="infos-produit-2"><a title="Voir le produit" href="http://www.auchandirect.fr/marché/boucherie---volaille/sauté-d'agneau-pour-tajine/id1/460/57201"><h2>AGNEAU</h2><h4>Sauté d'agneau pour tajine</h4><h4></h4><p>
1 kg
<br/>
14.80€/kg
</p></a></div><div class="mini_picto_bas"><!-- FIXME IDEM --><span class="com.atosworldline.ri.auchan.direct.front.tapestry.data.multimedia.Picture@48d28e40 pictoListing txtImg">XXXXX</span><!-- FIXME IDEM --><span class="com.atosworldline.ri.auchan.direct.front.tapestry.data.multimedia.Picture@77793119 pictoListing txtImg">XXXXX</span></div></div></div></td><td><!-- PL : ici --><div class="bloc-produit "><div class="bloc-produit-content   "><a title="Voir le produit" href="http://www.auchandirect.fr/marché/boucherie---volaille/carré-8-côtes/id1/460/57215"><img src="http://www.auchandirect.fr/static/images/products/line/57215.jpg" alt="" class="produit "/></a><div class="picto"><span class="invisible"></span></div><div class="boutons-produit"><a id="addProductToBasket_1" onclick="javascript:Tapestry.waitForPage(event);" title="Ajouter au panier" class="bt-produit-ajout-panier" href="http://www.auchandirect.fr/rayon.productgridorlist.productlist_1.thumbnailproduct_0.addproducttobasket/57215?t:ac=431977"><span>Ajouter au panier</span></a><a id="addProductToShoppingList_1" onclick="javascript:Tapestry.waitForPage(event);" title="Ajouter à ma liste" class="bt-produit-ajout-liste" href="http://www.auchandirect.fr/rayon.productgridorlist.productlist_1.thumbnailproduct_0.addproducttoshoppinglist/57215?t:ac=431977">Ajouter à ma liste</a></div><div class="infos-produit-1"><div class="prix-actuel"><span>18.90€</span></div></div><div class="infos-produit-2"><a title="Voir le produit" href="http://www.auchandirect.fr/marché/boucherie---volaille/carré-8-côtes/id1/460/57215"><h2>AGNEAU</h2><h4>Carré 8 côtes</h4><h4>Origine France ou Angleterre ou Irlande</h4><p>
680 g
<br/>
27.79€/kg
</p></a></div><div class="mini_picto_bas"><!-- FIXME IDEM --><span class="com.atosworldline.ri.auchan.direct.front.tapestry.data.multimedia.Picture@5dcbf9e pictoListing txtImg">XXXXX</span><!-- FIXME IDEM --><span class="com.atosworldline.ri.auchan.direct.front.tapestry.data.multimedia.Picture@5fa82113 pictoListing txtImg">XXXXX</span></div></div></div></td></tr><tr><td><!-- PL : ici --><div class="bloc-produit "><div class="bloc-produit-content   "><a title="Voir le produit" href="http://www.auchandirect.fr/marché/boucherie---volaille/tranche-de-gigot-d'agneau-avec-os/id1/460/57207"><img src="http://www.auchandirect.fr/static/images/products/line/57207.jpg" alt="" class="produit "/></a><div class="picto"><span class="invisible"></span></div><div class="boutons-produit"><a id="addProductToBasket_2" onclick="javascript:Tapestry.waitForPage(event);" title="Ajouter au panier" class="bt-produit-ajout-panier" href="http://www.auchandirect.fr/rayon.productgridorlist.productlist_1.thumbnailproduct_0.addproducttobasket/57207?t:ac=431977"><span>Ajouter au panier</span></a><a id="addProductToShoppingList_2" onclick="javascript:Tapestry.waitForPage(event);" title="Ajouter à ma liste" class="bt-produit-ajout-liste" href="http://www.auchandirect.fr/rayon.productgridorlist.productlist_1.thumbnailproduct_0.addproducttoshoppinglist/57207?t:ac=431977">Ajouter à ma liste</a></div><div class="infos-produit-1"><div class="prix-actuel"><span>9.52€</span></div></div><div class="infos-produit-2"><a title="Voir le produit" href="http://www.auchandirect.fr/marché/boucherie---volaille/tranche-de-gigot-d'agneau-avec-os/id1/460/57207"><h2>AGNEAU</h2><h4>Tranche de gigot d'agneau avec os</h4><h4>Origine France ou Angleterre ou Irlande</h4><p>
x 2, 400 g
<br/>
23.80€/kg
</p></a></div><div class="mini_picto_bas"><!-- FIXME IDEM --><span class="com.atosworldline.ri.auchan.direct.front.tapestry.data.multimedia.Picture@18992975 pictoListing txtImg">XXXXX</span><!-- FIXME IDEM --><span class="com.atosworldline.ri.auchan.direct.front.tapestry.data.multimedia.Picture@6f70ccf0 pictoListing txtImg">XXXXX</span></div></div></div></td><td><!-- PL : ici --><div class="bloc-produit "><div class="bloc-produit-content   "><a title="Voir le produit" href="http://www.auchandirect.fr/marché/boucherie---volaille/cote-d'agneau-seconde/id1/460/57211"><img src="http://www.auchandirect.fr/static/images/products/line/57211.jpg" alt="" class="produit "/></a><div class="picto"><span class="invisible"></span></div><div class="boutons-produit"><a id="addProductToBasket_3" onclick="javascript:Tapestry.waitForPage(event);" title="Ajouter au panier" class="bt-produit-ajout-panier" href="http://www.auchandirect.fr/rayon.productgridorlist.productlist_1.thumbnailproduct_0.addproducttobasket/57211?t:ac=431977"><span>Ajouter au panier</span></a><a id="addProductToShoppingList_3" onclick="javascript:Tapestry.waitForPage(event);" title="Ajouter à ma liste" class="bt-produit-ajout-liste" href="http://www.auchandirect.fr/rayon.productgridorlist.productlist_1.thumbnailproduct_0.addproducttoshoppinglist/57211?t:ac=431977">Ajouter à ma liste</a></div><div class="infos-produit-1"><div class="prix-actuel"><span>8.50€</span></div></div><div class="infos-produit-2"><a title="Voir le produit" href="http://www.auchandirect.fr/marché/boucherie---volaille/cote-d'agneau-seconde/id1/460/57211"><h2>AGNEAU</h2><h4>Cote d'agneau seconde</h4><h4>Cote seconde 4 x 90 g</h4><p>
4 x 90 g
<br/>
23.61€/kg
</p></a></div><div class="mini_picto_bas"><!-- FIXME IDEM --><span class="com.atosworldline.ri.auchan.direct.front.tapestry.data.multimedia.Picture@14137ae6 pictoListing txtImg">XXXXX</span><!-- FIXME IDEM --><span class="com.atosworldline.ri.auchan.direct.front.tapestry.data.multimedia.Picture@ae99c56 pictoListing txtImg">XXXXX</span></div></div></div></td><td><!-- PL : ici --><div class="bloc-produit "><div class="bloc-produit-content   "><a title="Voir le produit" href="http://www.auchandirect.fr/marché/boucherie---volaille/collier/id1/460/57213"><img src="http://www.auchandirect.fr/static/images/products/line/57213.jpg" alt="" class="produit "/></a><div class="picto"><span class="invisible"></span></div><div class="boutons-produit"><a id="addProductToBasket_4" onclick="javascript:Tapestry.waitForPage(event);" title="Ajouter au panier" class="bt-produit-ajout-panier" href="http://www.auchandirect.fr/rayon.productgridorlist.productlist_1.thumbnailproduct_0.addproducttobasket/57213?t:ac=431977"><span>Ajouter au panier</span></a><a id="addProductToShoppingList_4" onclick="javascript:Tapestry.waitForPage(event);" title="Ajouter à ma liste" class="bt-produit-ajout-liste" href="http://www.auchandirect.fr/rayon.productgridorlist.productlist_1.thumbnailproduct_0.addproducttoshoppinglist/57213?t:ac=431977">Ajouter à ma liste</a></div><div class="infos-produit-1"><div class="prix-actuel"><span>5.52€</span></div></div><div class="infos-produit-2"><a title="Voir le produit" href="http://www.auchandirect.fr/marché/boucherie---volaille/collier/id1/460/57213"><h2>AGNEAU</h2><h4>Collier</h4><h4></h4><p>
600 g
<br/>
9.20€/kg
</p></a></div><div class="mini_picto_bas"><!-- FIXME IDEM --><span class="com.atosworldline.ri.auchan.direct.front.tapestry.data.multimedia.Picture@44ab2018 pictoListing txtImg">XXXXX</span><!-- FIXME IDEM --><span class="com.atosworldline.ri.auchan.direct.front.tapestry.data.multimedia.Picture@3ec82ae0 pictoListing txtImg">XXXXX</span></div></div></div></td></tr><tr><td><!-- PL : ici --><div class="bloc-produit "><div class="bloc-produit-content   "><a title="Voir le produit" href="http://www.auchandirect.fr/marché/boucherie---volaille/côte-d'agneau-première/id1/460/57210"><img src="http://www.auchandirect.fr/static/images/products/line/57210.jpg" alt="" class="produit "/></a><div class="picto"><span class="invisible"></span></div><div class="boutons-produit"><a id="addProductToBasket_5" onclick="javascript:Tapestry.waitForPage(event);" title="Ajouter au panier" class="bt-produit-ajout-panier" href="http://www.auchandirect.fr/rayon.productgridorlist.productlist_1.thumbnailproduct_0.addproducttobasket/57210?t:ac=431977"><span>Ajouter au panier</span></a><a id="addProductToShoppingList_5" onclick="javascript:Tapestry.waitForPage(event);" title="Ajouter à ma liste" class="bt-produit-ajout-liste" href="http://www.auchandirect.fr/rayon.productgridorlist.productlist_1.thumbnailproduct_0.addproducttoshoppinglist/57210?t:ac=431977">Ajouter à ma liste</a></div><div class="infos-produit-1"><div class="prix-actuel"><span>10.30€</span></div></div><div class="infos-produit-2"><a title="Voir le produit" href="http://www.auchandirect.fr/marché/boucherie---volaille/côte-d'agneau-première/id1/460/57210"><h2>AGNEAU</h2><h4>Côte d'agneau première</h4><h4>Côte première 4 x 90 g</h4><p>
4 x 90 g
<br/>
28.61€/kg
</p></a></div><div class="mini_picto_bas"><!-- FIXME IDEM --><span class="com.atosworldline.ri.auchan.direct.front.tapestry.data.multimedia.Picture@5c050931 pictoListing txtImg">XXXXX</span><!-- FIXME IDEM --><span class="com.atosworldline.ri.auchan.direct.front.tapestry.data.multimedia.Picture@4e9e9f29 pictoListing txtImg">XXXXX</span></div></div></div></td><td><!-- PL : ici --><div class="bloc-produit  bientot-dispo"><div class="bloc-produit-content   "><a title="Voir le produit" href="http://www.auchandirect.fr/marché/boucherie---volaille/gigot-raccourci/id1/460/57206"><img src="http://www.auchandirect.fr/static/images/products/line/57206.jpg" alt="" class="produit "/></a><div class="picto"><span class="invisible"></span></div><div class="boutons-produit"><a class="bt-produit-ajout-panier disable" title="Bientôt disponible" href="javascript:void(0)"><span>Bientôt disponible</span></a><a id="addProductToShoppingList_6" onclick="javascript:Tapestry.waitForPage(event);" title="Ajouter à ma liste" class="bt-produit-ajout-liste" href="http://www.auchandirect.fr/rayon.productgridorlist.productlist_1.thumbnailproduct_0.addproducttoshoppinglist/57206?t:ac=431977">Ajouter à ma liste</a></div><div class="infos-produit-1"><div class="prix-actuel"><span>39.90€</span></div></div><div class="infos-produit-2"><a title="Voir le produit" href="http://www.auchandirect.fr/marché/boucherie---volaille/gigot-raccourci/id1/460/57206"><h2>AGNEAU</h2><h4>Gigot raccourci</h4><h4>Origine France ou Angleterre ou Irlande</h4><p>
2.6 kg
<br/>
15.35€/kg
</p></a></div><div class="mini_picto_bas"><!-- FIXME IDEM --><span class="com.atosworldline.ri.auchan.direct.front.tapestry.data.multimedia.Picture@fe36512 pictoListing txtImg">XXXXX</span><!-- FIXME IDEM --><span class="com.atosworldline.ri.auchan.direct.front.tapestry.data.multimedia.Picture@1a0088e4 pictoListing txtImg">XXXXX</span></div></div></div></td><td><!-- PL : ici --><div class="bloc-produit "><div class="bloc-produit-content   "><a title="Voir le produit" href="http://www.auchandirect.fr/marché/boucherie---volaille/emincé/id1/460/57499"><img src="http://www.auchandirect.fr/static/images/products/line/57499.jpg" alt="" class="produit "/></a><div class="picto"><span class="invisible"></span></div><div class="boutons-produit"><a id="addProductToBasket_6" onclick="javascript:Tapestry.waitForPage(event);" title="Ajouter au panier" class="bt-produit-ajout-panier" href="http://www.auchandirect.fr/rayon.productgridorlist.productlist_1.thumbnailproduct_0.addproducttobasket/57499?t:ac=431977"><span>Ajouter au panier</span></a><a id="addProductToShoppingList_7" onclick="javascript:Tapestry.waitForPage(event);" title="Ajouter à ma liste" class="bt-produit-ajout-liste" href="http://www.auchandirect.fr/rayon.productgridorlist.productlist_1.thumbnailproduct_0.addproducttoshoppinglist/57499?t:ac=431977">Ajouter à ma liste</a></div><div class="infos-produit-1"><div class="prix-actuel"><span>11.80€</span></div></div><div class="infos-produit-2"><a title="Voir le produit" href="http://www.auchandirect.fr/marché/boucherie---volaille/emincé/id1/460/57499"><h2>BOEUF</h2><h4>Emincé</h4><h4>Origine Irlande</h4><p>
1 kg
<br/>
11.80€/kg
</p></a></div><div class="mini_picto_bas"><!-- FIXME IDEM --><span class="com.atosworldline.ri.auchan.direct.front.tapestry.data.multimedia.Picture@4b881c9e pictoListing txtImg">XXXXX</span><!-- FIXME IDEM --><span class="com.atosworldline.ri.auchan.direct.front.tapestry.data.multimedia.Picture@550eefcf pictoListing txtImg">XXXXX</span></div></div></div></td></tr><tr><td><!-- PL : ici --><div class="bloc-produit "><div class="bloc-produit-content   "><a title="Voir le produit" href="http://www.auchandirect.fr/marché/boucherie---volaille/viande-bovine-d'origine-union-europ-enne/id1/460/57022"><img src="http://www.auchandirect.fr/static/images/products/line/57022.jpg" alt="" class="produit "/></a><div class="picto"><span class="invisible"></span></div><div class="boutons-produit"><a id="addProductToBasket_7" onclick="javascript:Tapestry.waitForPage(event);" title="Ajouter au panier" class="bt-produit-ajout-panier" href="http://www.auchandirect.fr/rayon.productgridorlist.productlist_1.thumbnailproduct_0.addproducttobasket/57022?t:ac=431977"><span>Ajouter au panier</span></a><a id="addProductToShoppingList_8" onclick="javascript:Tapestry.waitForPage(event);" title="Ajouter à ma liste" class="bt-produit-ajout-liste" href="http://www.auchandirect.fr/rayon.productgridorlist.productlist_1.thumbnailproduct_0.addproducttoshoppinglist/57022?t:ac=431977">Ajouter à ma liste</a></div><div class="infos-produit-1"><div class="prix-actuel"><span>8.90€</span></div></div><div class="infos-produit-2"><a title="Voir le produit" href="http://www.auchandirect.fr/marché/boucherie---volaille/viande-bovine-d'origine-union-europ-enne/id1/460/57022"><h2>BOEUF</h2><h4>Viande Bovine d'origine Union Europ...enne</h4><h4>Faux filet 2x180g</h4><p>
2 x 180 g
<br/>
24.72€/kg
</p></a></div><div class="mini_picto_bas"><!-- FIXME IDEM --><span class="com.atosworldline.ri.auchan.direct.front.tapestry.data.multimedia.Picture@70069c89 pictoListing txtImg">XXXXX</span><!-- FIXME IDEM --><span class="com.atosworldline.ri.auchan.direct.front.tapestry.data.multimedia.Picture@420f1fd4 pictoListing txtImg">XXXXX</span></div></div></div></td><td><!-- PL : ici --><div class="bloc-produit "><div class="bloc-produit-content   "><a title="Voir le produit" href="http://www.auchandirect.fr/marché/boucherie---volaille/viande-bovine-d'origine-union-europenne/id1/460/57041"><img src="http://www.auchandirect.fr/static/images/products/line/57041.jpg" alt="" class="produit "/></a><div class="picto"><span class="invisible"></span></div><div class="boutons-produit"><a id="addProductToBasket_8" onclick="javascript:Tapestry.waitForPage(event);" title="Ajouter au panier" class="bt-produit-ajout-panier" href="http://www.auchandirect.fr/rayon.productgridorlist.productlist_1.thumbnailproduct_0.addproducttobasket/57041?t:ac=431977"><span>Ajouter au panier</span></a><a id="addProductToShoppingList_9" onclick="javascript:Tapestry.waitForPage(event);" title="Ajouter à ma liste" class="bt-produit-ajout-liste" href="http://www.auchandirect.fr/rayon.productgridorlist.productlist_1.thumbnailproduct_0.addproducttoshoppinglist/57041?t:ac=431977">Ajouter à ma liste</a></div><div class="infos-produit-1"><div class="prix-actuel"><span>7.94€</span></div></div><div class="infos-produit-2"><a title="Voir le produit" href="http://www.auchandirect.fr/marché/boucherie---volaille/viande-bovine-d'origine-union-europenne/id1/460/57041"><h2>BOEUF</h2><h4>Viande Bovine d'origine Union Europenne</h4><h4>Hampe 4 x 150/160 g</h4><p>
4 x 150/160 g
<br/>
13.23€/kg
</p></a></div><div class="mini_picto_bas"><!-- FIXME IDEM --><span class="com.atosworldline.ri.auchan.direct.front.tapestry.data.multimedia.Picture@332972de pictoListing txtImg">XXXXX</span><!-- FIXME IDEM --><span class="com.atosworldline.ri.auchan.direct.front.tapestry.data.multimedia.Picture@6634670f pictoListing txtImg">XXXXX</span></div></div></div></td><td><!-- PL : ici --><div class="bloc-produit "><div class="bloc-produit-content   "><a title="Voir le produit" href="http://www.auchandirect.fr/marché/boucherie---volaille/gite-sans-os/id1/460/57030"><img src="http://www.auchandirect.fr/static/images/products/line/57030.jpg" alt="" class="produit "/></a><div class="picto"><span class="invisible"></span></div><div class="boutons-produit"><a id="addProductToBasket_9" onclick="javascript:Tapestry.waitForPage(event);" title="Ajouter au panier" class="bt-produit-ajout-panier" href="http://www.auchandirect.fr/rayon.productgridorlist.productlist_1.thumbnailproduct_0.addproducttobasket/57030?t:ac=431977"><span>Ajouter au panier</span></a><a id="addProductToShoppingList_10" onclick="javascript:Tapestry.waitForPage(event);" title="Ajouter à ma liste" class="bt-produit-ajout-liste" href="http://www.auchandirect.fr/rayon.productgridorlist.productlist_1.thumbnailproduct_0.addproducttoshoppinglist/57030?t:ac=431977">Ajouter à ma liste</a></div><div class="infos-produit-1"><div class="prix-actuel"><span>8.09€</span></div></div><div class="infos-produit-2"><a title="Voir le produit" href="http://www.auchandirect.fr/marché/boucherie---volaille/gite-sans-os/id1/460/57030"><h2>BOEUF</h2><h4>Gite sans os</h4><h4>Origine Union Européenne</h4><p>
500 g
<br/>
16.18€/kg
</p></a></div><div class="mini_picto_bas"><!-- FIXME IDEM --><span class="com.atosworldline.ri.auchan.direct.front.tapestry.data.multimedia.Picture@489a97f4 pictoListing txtImg">XXXXX</span><!-- FIXME IDEM --><span class="com.atosworldline.ri.auchan.direct.front.tapestry.data.multimedia.Picture@1d6e3969 pictoListing txtImg">XXXXX</span></div></div></div></td></tr><tr><td><!-- PL : ici --><div class="bloc-produit  bientot-dispo"><div class="bloc-produit-content   "><a title="Voir le produit" href="http://www.auchandirect.fr/marché/boucherie---volaille/viande-à-fondue/id1/460/57034"><img src="http://www.auchandirect.fr/static/images/products/line/57034.jpg" alt="" class="produit "/></a><div class="picto"><span class="invisible"></span></div><div class="boutons-produit"><a class="bt-produit-ajout-panier disable" title="Bientôt disponible" href="javascript:void(0)"><span>Bientôt disponible</span></a><a id="addProductToShoppingList_11" onclick="javascript:Tapestry.waitForPage(event);" title="Ajouter à ma liste" class="bt-produit-ajout-liste" href="http://www.auchandirect.fr/rayon.productgridorlist.productlist_1.thumbnailproduct_0.addproducttoshoppinglist/57034?t:ac=431977">Ajouter à ma liste</a></div><div class="infos-produit-1"><div class="prix-actuel"><span>12.96€</span></div></div><div class="infos-produit-2"><a title="Voir le produit" href="http://www.auchandirect.fr/marché/boucherie---volaille/viande-à-fondue/id1/460/57034"><h2>BOEUF</h2><h4>Viande à fondue</h4><h4>Origine Union Européenne</h4><p>
600 g
<br/>
21.60€/kg
</p></a></div><div class="mini_picto_bas"><!-- FIXME IDEM --><span class="com.atosworldline.ri.auchan.direct.front.tapestry.data.multimedia.Picture@f48206f pictoListing txtImg">XXXXX</span><!-- FIXME IDEM --><span class="com.atosworldline.ri.auchan.direct.front.tapestry.data.multimedia.Picture@48495f3f pictoListing txtImg">XXXXX</span></div></div></div></td><td><!-- PL : ici --><div class="bloc-produit "><div class="bloc-produit-content   "><a title="Voir le produit" href="http://www.auchandirect.fr/marché/boucherie---volaille/roosbeef-1er-choix/id1/460/57048"><img src="http://www.auchandirect.fr/static/images/products/line/57048.jpg" alt="" class="produit "/></a><div class="picto"><span class="invisible"></span></div><div class="boutons-produit"><a id="addProductToBasket_10" onclick="javascript:Tapestry.waitForPage(event);" title="Ajouter au panier" class="bt-produit-ajout-panier" href="http://www.auchandirect.fr/rayon.productgridorlist.productlist_1.thumbnailproduct_0.addproducttobasket/57048?t:ac=431977"><span>Ajouter au panier</span></a><a id="addProductToShoppingList_12" onclick="javascript:Tapestry.waitForPage(event);" title="Ajouter à ma liste" class="bt-produit-ajout-liste" href="http://www.auchandirect.fr/rayon.productgridorlist.productlist_1.thumbnailproduct_0.addproducttoshoppinglist/57048?t:ac=431977">Ajouter à ma liste</a></div><div class="infos-produit-1"><div class="prix-actuel"><span>22.00€</span></div></div><div class="infos-produit-2"><a title="Voir le produit" href="http://www.auchandirect.fr/marché/boucherie---volaille/roosbeef-1er-choix/id1/460/57048"><h2>BOEUF</h2><h4>Roosbeef 1er choix</h4><h4>Roosberf 1er choix tranche, 1kg</h4><p>
1,5 kg
<br/>
22.00€/kg
</p></a></div><div class="mini_picto_bas"><!-- FIXME IDEM --><span class="com.atosworldline.ri.auchan.direct.front.tapestry.data.multimedia.Picture@5b935c69 pictoListing txtImg">XXXXX</span><!-- FIXME IDEM --><span class="com.atosworldline.ri.auchan.direct.front.tapestry.data.multimedia.Picture@27982077 pictoListing txtImg">XXXXX</span></div></div></div></td><td><!-- PL : ici --><div class="bloc-produit "><div class="bloc-produit-content   "><a title="Voir le produit" href="http://www.auchandirect.fr/marché/boucherie---volaille/filet-de-boeuf/id1/460/57038"><img src="http://www.auchandirect.fr/static/images/products/line/57038.jpg" alt="" class="produit "/></a><div class="picto"><span class="invisible"></span></div><div class="boutons-produit"><a id="addProductToBasket_11" onclick="javascript:Tapestry.waitForPage(event);" title="Ajouter au panier" class="bt-produit-ajout-panier" href="http://www.auchandirect.fr/rayon.productgridorlist.productlist_1.thumbnailproduct_0.addproducttobasket/57038?t:ac=431977"><span>Ajouter au panier</span></a><a id="addProductToShoppingList_13" onclick="javascript:Tapestry.waitForPage(event);" title="Ajouter à ma liste" class="bt-produit-ajout-liste" href="http://www.auchandirect.fr/rayon.productgridorlist.productlist_1.thumbnailproduct_0.addproducttoshoppinglist/57038?t:ac=431977">Ajouter à ma liste</a></div><div class="infos-produit-1"><div class="prix-actuel"><span>44.80€</span></div></div><div class="infos-produit-2"><a title="Voir le produit" href="http://www.auchandirect.fr/marché/boucherie---volaille/filet-de-boeuf/id1/460/57038"><h2>BOEUF</h2><h4>Filet de boeuf</h4><h4>Origine Union Européenne</h4><p>
1 kg
<br/>
44.80€/kg
</p></a></div><div class="mini_picto_bas"><!-- FIXME IDEM --><span class="com.atosworldline.ri.auchan.direct.front.tapestry.data.multimedia.Picture@30a0c761 pictoListing txtImg">XXXXX</span><!-- FIXME IDEM --><span class="com.atosworldline.ri.auchan.direct.front.tapestry.data.multimedia.Picture@b81ca38 pictoListing txtImg">XXXXX</span></div></div></div></td></tr><tr><td><!-- PL : ici --><div class="bloc-produit "><div class="bloc-produit-content   "><a title="Voir le produit" href="http://www.auchandirect.fr/marché/boucherie---volaille/viande-bovine-d'origine-irlande/id1/460/57024"><img src="http://www.auchandirect.fr/static/images/products/line/57024.jpg" alt="" class="produit "/></a><div class="picto"><span class="invisible"></span></div><div class="boutons-produit"><a id="addProductToBasket_12" onclick="javascript:Tapestry.waitForPage(event);" title="Ajouter au panier" class="bt-produit-ajout-panier" href="http://www.auchandirect.fr/rayon.productgridorlist.productlist_1.thumbnailproduct_0.addproducttobasket/57024?t:ac=431977"><span>Ajouter au panier</span></a><a id="addProductToShoppingList_14" onclick="javascript:Tapestry.waitForPage(event);" title="Ajouter à ma liste" class="bt-produit-ajout-liste" href="http://www.auchandirect.fr/rayon.productgridorlist.productlist_1.thumbnailproduct_0.addproducttoshoppinglist/57024?t:ac=431977">Ajouter à ma liste</a></div><div class="infos-produit-1"><div class="prix-actuel"><span>6.50€</span></div></div><div class="infos-produit-2"><a title="Voir le produit" href="http://www.auchandirect.fr/marché/boucherie---volaille/viande-bovine-d'origine-irlande/id1/460/57024"><h2>BOEUF</h2><h4>Viande bovine d'origine irlande</h4><h4>Steak 1er choix Tranche 2 x 160 g</h4><p>
2 x 160 g
<br/>
20.31€/kg
</p></a></div><div class="mini_picto_bas"><!-- FIXME IDEM --><span class="com.atosworldline.ri.auchan.direct.front.tapestry.data.multimedia.Picture@1bd41b86 pictoListing txtImg">XXXXX</span><!-- FIXME IDEM --><span class="com.atosworldline.ri.auchan.direct.front.tapestry.data.multimedia.Picture@25b08b0 pictoListing txtImg">XXXXX</span></div></div></div></td><td><!-- PL : ici --><div class="bloc-produit "><div class="bloc-produit-content   "><a title="Voir le produit" href="http://www.auchandirect.fr/marché/boucherie---volaille/bourguignon-1er-choix/id1/460/57021"><img src="http://www.auchandirect.fr/static/images/products/line/57021.jpg" alt="" class="produit "/></a><div class="picto"><span class="invisible"></span></div><div class="boutons-produit"><a id="addProductToBasket_13" onclick="javascript:Tapestry.waitForPage(event);" title="Ajouter au panier" class="bt-produit-ajout-panier" href="http://www.auchandirect.fr/rayon.productgridorlist.productlist_1.thumbnailproduct_0.addproducttobasket/57021?t:ac=431977"><span>Ajouter au panier</span></a><a id="addProductToShoppingList_15" onclick="javascript:Tapestry.waitForPage(event);" title="Ajouter à ma liste" class="bt-produit-ajout-liste" href="http://www.auchandirect.fr/rayon.productgridorlist.productlist_1.thumbnailproduct_0.addproducttoshoppinglist/57021?t:ac=431977">Ajouter à ma liste</a></div><div class="infos-produit-1"><div class="prix-actuel"><span>12.15€</span></div></div><div class="infos-produit-2"><a title="Voir le produit" href="http://www.auchandirect.fr/marché/boucherie---volaille/bourguignon-1er-choix/id1/460/57021"><h2>BOEUF</h2><h4>Bourguignon 1er choix</h4><h4>Origine Union Européenne</h4><p>
1 kg
<br/>
12.15€/kg
</p></a></div><div class="mini_picto_bas"><!-- FIXME IDEM --><span class="com.atosworldline.ri.auchan.direct.front.tapestry.data.multimedia.Picture@d2158a2 pictoListing txtImg">XXXXX</span><!-- FIXME IDEM --><span class="com.atosworldline.ri.auchan.direct.front.tapestry.data.multimedia.Picture@841fa6a pictoListing txtImg">XXXXX</span></div></div></div></td><td><!-- PL : ici --><div class="bloc-produit "><div class="bloc-produit-content   "><a title="Voir le produit" href="http://www.auchandirect.fr/marché/boucherie---volaille/viande-bovine-d'origine-union-europ-enne/id1/460/57043"><img src="http://www.auchandirect.fr/static/images/products/line/57043.jpg" alt="" class="produit "/></a><div class="picto"><span class="invisible"></span></div><div class="boutons-produit"><a id="addProductToBasket_14" onclick="javascript:Tapestry.waitForPage(event);" title="Ajouter au panier" class="bt-produit-ajout-panier" href="http://www.auchandirect.fr/rayon.productgridorlist.productlist_1.thumbnailproduct_0.addproducttobasket/57043?t:ac=431977"><span>Ajouter au panier</span></a><a id="addProductToShoppingList_16" onclick="javascript:Tapestry.waitForPage(event);" title="Ajouter à ma liste" class="bt-produit-ajout-liste" href="http://www.auchandirect.fr/rayon.productgridorlist.productlist_1.thumbnailproduct_0.addproducttoshoppinglist/57043?t:ac=431977">Ajouter à ma liste</a></div><div class="infos-produit-1"><div class="prix-actuel"><span>6.90€</span></div></div><div class="infos-produit-2"><a title="Voir le produit" href="http://www.auchandirect.fr/marché/boucherie---volaille/viande-bovine-d'origine-union-europ-enne/id1/460/57043"><h2>BOEUF</h2><h4>Viande Bovine d'origine Union Europ...enne</h4><h4>Onglet 2 x 160 g</h4><p>
2 x 160 g
<br/>
21.56€/kg
</p></a></div><div class="mini_picto_bas"><!-- FIXME IDEM --><span class="com.atosworldline.ri.auchan.direct.front.tapestry.data.multimedia.Picture@4d5ed121 pictoListing txtImg">XXXXX</span><!-- FIXME IDEM --><span class="com.atosworldline.ri.auchan.direct.front.tapestry.data.multimedia.Picture@bf3f536 pictoListing txtImg">XXXXX</span></div></div></div></td></tr><tr><td><!-- PL : ici --><div class="bloc-produit "><div class="bloc-produit-content   "><a title="Voir le produit" href="http://www.auchandirect.fr/marché/boucherie---volaille/viande-bovine-d'origine-union-europ-enne/id1/460/57036"><img src="http://www.auchandirect.fr/static/images/products/line/57036.jpg" alt="" class="produit "/></a><div class="picto"><span class="invisible"></span></div><div class="boutons-produit"><a id="addProductToBasket_15" onclick="javascript:Tapestry.waitForPage(event);" title="Ajouter au panier" class="bt-produit-ajout-panier" href="http://www.auchandirect.fr/rayon.productgridorlist.productlist_1.thumbnailproduct_0.addproducttobasket/57036?t:ac=431977"><span>Ajouter au panier</span></a><a id="addProductToShoppingList_17" onclick="javascript:Tapestry.waitForPage(event);" title="Ajouter à ma liste" class="bt-produit-ajout-liste" href="http://www.auchandirect.fr/rayon.productgridorlist.productlist_1.thumbnailproduct_0.addproducttoshoppinglist/57036?t:ac=431977">Ajouter à ma liste</a></div><div class="infos-produit-1"><div class="prix-actuel"><span>9.90€</span></div></div><div class="infos-produit-2"><a title="Voir le produit" href="http://www.auchandirect.fr/marché/boucherie---volaille/viande-bovine-d'origine-union-europ-enne/id1/460/57036"><h2>BOEUF</h2><h4>Viande Bovine d'origine Union Europ...enne</h4><h4>Entrecote 2 x 200 g</h4><p>
2 x 200 g
<br/>
24.75€/kg
</p></a></div><div class="mini_picto_bas"><!-- FIXME IDEM --><span class="com.atosworldline.ri.auchan.direct.front.tapestry.data.multimedia.Picture@2b349d94 pictoListing txtImg">XXXXX</span><!-- FIXME IDEM --><span class="com.atosworldline.ri.auchan.direct.front.tapestry.data.multimedia.Picture@b5575b5 pictoListing txtImg">XXXXX</span></div></div></div></td><td><!-- PL : ici --><div class="bloc-produit "><div class="bloc-produit-content   "><a title="Voir le produit" href="http://www.auchandirect.fr/marché/boucherie---volaille/viande-bovine-d'origine-irlande/id1/460/57053"><img src="http://www.auchandirect.fr/static/images/products/line/57053.jpg" alt="" class="produit "/></a><div class="picto"><span class="invisible"></span></div><div class="boutons-produit"><a id="addProductToBasket_16" onclick="javascript:Tapestry.waitForPage(event);" title="Ajouter au panier" class="bt-produit-ajout-panier" href="http://www.auchandirect.fr/rayon.productgridorlist.productlist_1.thumbnailproduct_0.addproducttobasket/57053?t:ac=431977"><span>Ajouter au panier</span></a><a id="addProductToShoppingList_18" onclick="javascript:Tapestry.waitForPage(event);" title="Ajouter à ma liste" class="bt-produit-ajout-liste" href="http://www.auchandirect.fr/rayon.productgridorlist.productlist_1.thumbnailproduct_0.addproducttoshoppinglist/57053?t:ac=431977">Ajouter à ma liste</a></div><div class="infos-produit-1"><div class="prix-actuel"><span>6.75€</span></div></div><div class="infos-produit-2"><a title="Voir le produit" href="http://www.auchandirect.fr/marché/boucherie---volaille/viande-bovine-d'origine-irlande/id1/460/57053"><h2>BOEUF</h2><h4>Viande bovine d'origine irlande</h4><h4>Steak supérieur  2 x 160 g</h4><p>

<br/>
21.09€/kg
</p></a></div><div class="mini_picto_bas"><!-- FIXME IDEM --><span class="com.atosworldline.ri.auchan.direct.front.tapestry.data.multimedia.Picture@2773639 pictoListing txtImg">XXXXX</span><!-- FIXME IDEM --><span class="com.atosworldline.ri.auchan.direct.front.tapestry.data.multimedia.Picture@6088d972 pictoListing txtImg">XXXXX</span></div></div></div></td><td><!-- PL : ici --><div class="bloc-produit "><div class="bloc-produit-content   "><a title="Voir le produit" href="http://www.auchandirect.fr/marché/boucherie---volaille/viande-bovine-origine-union-europeenne/id1/460/57018"><img src="http://www.auchandirect.fr/static/images/products/line/57018.jpg" alt="" class="produit "/></a><div class="picto"><span class="invisible"></span></div><div class="boutons-produit"><a id="addProductToBasket_17" onclick="javascript:Tapestry.waitForPage(event);" title="Ajouter au panier" class="bt-produit-ajout-panier" href="http://www.auchandirect.fr/rayon.productgridorlist.productlist_1.thumbnailproduct_0.addproducttobasket/57018?t:ac=431977"><span>Ajouter au panier</span></a><a id="addProductToShoppingList_19" onclick="javascript:Tapestry.waitForPage(event);" title="Ajouter à ma liste" class="bt-produit-ajout-liste" href="http://www.auchandirect.fr/rayon.productgridorlist.productlist_1.thumbnailproduct_0.addproducttoshoppinglist/57018?t:ac=431977">Ajouter à ma liste</a></div><div class="infos-produit-1"><div class="prix-actuel"><span>6.90€</span></div></div><div class="infos-produit-2"><a title="Voir le produit" href="http://www.auchandirect.fr/marché/boucherie---volaille/viande-bovine-origine-union-europeenne/id1/460/57018"><h2>BOEUF</h2><h4>Viande Bovine Origine Union Europeenne</h4><h4>Bavette d'aloyau 2 x160 g</h4><p>
2 x 160 g
<br/>
21.56€/kg
</p></a></div><div class="mini_picto_bas"><!-- FIXME IDEM --><span class="com.atosworldline.ri.auchan.direct.front.tapestry.data.multimedia.Picture@19e4100b pictoListing txtImg">XXXXX</span><!-- FIXME IDEM --><span class="com.atosworldline.ri.auchan.direct.front.tapestry.data.multimedia.Picture@4bd94f74 pictoListing txtImg">XXXXX</span></div></div></div></td></tr><tr><td><!-- PL : ici --><div class="bloc-produit "><div class="bloc-produit-content   "><a title="Voir le produit" href="http://www.auchandirect.fr/marché/boucherie---volaille/côte/id1/460/57028"><img src="http://www.auchandirect.fr/static/images/products/line/57028.jpg" alt="" class="produit "/></a><div class="picto"><span class="invisible"></span></div><div class="boutons-produit"><a id="addProductToBasket_18" onclick="javascript:Tapestry.waitForPage(event);" title="Ajouter au panier" class="bt-produit-ajout-panier" href="http://www.auchandirect.fr/rayon.productgridorlist.productlist_1.thumbnailproduct_0.addproducttobasket/57028?t:ac=431977"><span>Ajouter au panier</span></a><a id="addProductToShoppingList_20" onclick="javascript:Tapestry.waitForPage(event);" title="Ajouter à ma liste" class="bt-produit-ajout-liste" href="http://www.auchandirect.fr/rayon.productgridorlist.productlist_1.thumbnailproduct_0.addproducttoshoppinglist/57028?t:ac=431977">Ajouter à ma liste</a></div><div class="infos-produit-1"><div class="prix-actuel"><span>23.00€</span></div></div><div class="infos-produit-2"><a title="Voir le produit" href="http://www.auchandirect.fr/marché/boucherie---volaille/côte/id1/460/57028"><h2>BOEUF</h2><h4>Côte</h4><h4>Origine Union Européenne</h4><p>
1 kg
<br/>
23.00€/kg
</p></a></div><div class="mini_picto_bas"><!-- FIXME IDEM --><span class="com.atosworldline.ri.auchan.direct.front.tapestry.data.multimedia.Picture@5618334c pictoListing txtImg">XXXXX</span><!-- FIXME IDEM --><span class="com.atosworldline.ri.auchan.direct.front.tapestry.data.multimedia.Picture@4ecfeebc pictoListing txtImg">XXXXX</span></div></div></div></td><td><!-- PL : ici --><div class="bloc-produit "><div class="bloc-produit-content   "><a title="Voir le produit" href="http://www.auchandirect.fr/marché/boucherie---volaille/viande-bovine-d'origine-union-européenne/id1/460/57045"><img src="http://www.auchandirect.fr/static/images/products/line/57045.jpg" alt="" class="produit "/></a><div class="picto"><span class="invisible"></span></div><div class="boutons-produit"><a id="addProductToBasket_19" onclick="javascript:Tapestry.waitForPage(event);" title="Ajouter au panier" class="bt-produit-ajout-panier" href="http://www.auchandirect.fr/rayon.productgridorlist.productlist_1.thumbnailproduct_0.addproducttobasket/57045?t:ac=431977"><span>Ajouter au panier</span></a><a id="addProductToShoppingList_21" onclick="javascript:Tapestry.waitForPage(event);" title="Ajouter à ma liste" class="bt-produit-ajout-liste" href="http://www.auchandirect.fr/rayon.productgridorlist.productlist_1.thumbnailproduct_0.addproducttoshoppinglist/57045?t:ac=431977">Ajouter à ma liste</a></div><div class="infos-produit-1"><div class="prix-actuel"><span>8.50€</span></div></div><div class="infos-produit-2"><a title="Voir le produit" href="http://www.auchandirect.fr/marché/boucherie---volaille/viande-bovine-d'origine-union-européenne/id1/460/57045"><h2>BOEUF</h2><h4>Viande Bovine d'origine Union Européenne</h4><h4>Pavé de rumsteack x2</h4><p>
2 x 180 g
<br/>
23.61€/kg
</p></a></div><div class="mini_picto_bas"><!-- FIXME IDEM --><span class="com.atosworldline.ri.auchan.direct.front.tapestry.data.multimedia.Picture@473d6f73 pictoListing txtImg">XXXXX</span><!-- FIXME IDEM --><span class="com.atosworldline.ri.auchan.direct.front.tapestry.data.multimedia.Picture@12600b8f pictoListing txtImg">XXXXX</span></div></div></div></td><td><!-- PL : ici --><div class="bloc-produit "><div class="bloc-produit-content   "><a title="Voir le produit" href="http://www.auchandirect.fr/marché/boucherie---volaille/rumsteack/id1/460/57052"><img src="http://www.auchandirect.fr/static/images/products/line/57052.jpg" alt="" class="produit "/></a><div class="picto"><span class="invisible"></span></div><div class="boutons-produit"><a id="addProductToBasket_20" onclick="javascript:Tapestry.waitForPage(event);" title="Ajouter au panier" class="bt-produit-ajout-panier" href="http://www.auchandirect.fr/rayon.productgridorlist.productlist_1.thumbnailproduct_0.addproducttobasket/57052?t:ac=431977"><span>Ajouter au panier</span></a><a id="addProductToShoppingList_22" onclick="javascript:Tapestry.waitForPage(event);" title="Ajouter à ma liste" class="bt-produit-ajout-liste" href="http://www.auchandirect.fr/rayon.productgridorlist.productlist_1.thumbnailproduct_0.addproducttoshoppinglist/57052?t:ac=431977">Ajouter à ma liste</a></div><div class="infos-produit-1"><div class="prix-actuel"><span>9.90€</span></div></div><div class="infos-produit-2"><a title="Voir le produit" href="http://www.auchandirect.fr/marché/boucherie---volaille/rumsteack/id1/460/57052"><h2>BOEUF</h2><h4>Rumsteack</h4><h4>Origine Union Européenne</h4><p>
450 g
<br/>
22.00€/kg
</p></a></div><div class="mini_picto_bas"><!-- FIXME IDEM --><span class="com.atosworldline.ri.auchan.direct.front.tapestry.data.multimedia.Picture@1d68b625 pictoListing txtImg">XXXXX</span><!-- FIXME IDEM --><span class="com.atosworldline.ri.auchan.direct.front.tapestry.data.multimedia.Picture@458e4638 pictoListing txtImg">XXXXX</span></div></div></div></td></tr><tr><td><!-- PL : ici --><div class="bloc-produit "><div class="bloc-produit-content   "><a title="Voir le produit" href="http://www.auchandirect.fr/marché/boucherie---volaille/roosbeef-2ème-choix-rond-de-tranche/id1/460/57050"><img src="http://www.auchandirect.fr/static/images/products/line/57050.jpg" alt="" class="produit "/></a><div class="picto"><span class="invisible"></span></div><div class="boutons-produit"><a id="addProductToBasket_21" onclick="javascript:Tapestry.waitForPage(event);" title="Ajouter au panier" class="bt-produit-ajout-panier" href="http://www.auchandirect.fr/rayon.productgridorlist.productlist_1.thumbnailproduct_0.addproducttobasket/57050?t:ac=431977"><span>Ajouter au panier</span></a><a id="addProductToShoppingList_23" onclick="javascript:Tapestry.waitForPage(event);" title="Ajouter à ma liste" class="bt-produit-ajout-liste" href="http://www.auchandirect.fr/rayon.productgridorlist.productlist_1.thumbnailproduct_0.addproducttoshoppinglist/57050?t:ac=431977">Ajouter à ma liste</a></div><div class="infos-produit-1"><div class="prix-actuel"><span>20.00€</span></div></div><div class="infos-produit-2"><a title="Voir le produit" href="http://www.auchandirect.fr/marché/boucherie---volaille/roosbeef-2ème-choix-rond-de-tranche/id1/460/57050"><h2>BOEUF</h2><h4>Roosbeef 2ème choix Rond de tranche</h4><h4>Roosbeef 2ème choix, 1kg</h4><p>
1 kg
<br/>
20.00€/kg
</p></a></div><div class="mini_picto_bas"><!-- FIXME IDEM --><span class="com.atosworldline.ri.auchan.direct.front.tapestry.data.multimedia.Picture@7c3849ec pictoListing txtImg">XXXXX</span><!-- FIXME IDEM --><span class="com.atosworldline.ri.auchan.direct.front.tapestry.data.multimedia.Picture@537d64aa pictoListing txtImg">XXXXX</span></div></div></div></td><td><!-- PL : ici --><div class="bloc-produit "><div class="bloc-produit-content   "><a title="Voir le produit" href="http://www.auchandirect.fr/marché/boucherie---volaille/charolais-origine-france/id1/460/57083"><img src="http://www.auchandirect.fr/static/images/products/line/57083.jpg" alt="" class="produit "/></a><div class="picto"><span class="invisible"></span></div><div class="boutons-produit"><a id="addProductToBasket_22" onclick="javascript:Tapestry.waitForPage(event);" title="Ajouter au panier" class="bt-produit-ajout-panier" href="http://www.auchandirect.fr/rayon.productgridorlist.productlist_1.thumbnailproduct_0.addproducttobasket/57083?t:ac=431977"><span>Ajouter au panier</span></a><a id="addProductToShoppingList_24" onclick="javascript:Tapestry.waitForPage(event);" title="Ajouter à ma liste" class="bt-produit-ajout-liste" href="http://www.auchandirect.fr/rayon.productgridorlist.productlist_1.thumbnailproduct_0.addproducttoshoppinglist/57083?t:ac=431977">Ajouter à ma liste</a></div><div class="infos-produit-1"><div class="prix-actuel"><span>8.26€</span></div></div><div class="infos-produit-2"><a title="Voir le produit" href="http://www.auchandirect.fr/marché/boucherie---volaille/charolais-origine-france/id1/460/57083"><h2>BOEUF CHAROLAIS</h2><h4>Charolais origine France</h4><h4>Steak supérieur  2 x 160 g</h4><p>
2 x 160 g
<br/>
25.81€/kg
</p></a></div><div class="mini_picto_bas"><!-- FIXME IDEM --><span class="com.atosworldline.ri.auchan.direct.front.tapestry.data.multimedia.Picture@7988659d pictoListing txtImg">XXXXX</span><!-- FIXME IDEM --><span class="com.atosworldline.ri.auchan.direct.front.tapestry.data.multimedia.Picture@69c764c0 pictoListing txtImg">XXXXX</span></div></div></div></td><td><!-- PL : ici --><div class="bloc-produit  bientot-dispo"><div class="bloc-produit-content   "><a title="Voir le produit" href="http://www.auchandirect.fr/marché/boucherie---volaille/côte-à-l'os/id1/460/57067"><img src="http://www.auchandirect.fr/static/images/products/line/57067.jpg" alt="" class="produit "/></a><div class="picto"><span class="invisible"></span></div><div class="boutons-produit"><a class="bt-produit-ajout-panier disable" title="Bientôt disponible" href="javascript:void(0)"><span>Bientôt disponible</span></a><a id="addProductToShoppingList_25" onclick="javascript:Tapestry.waitForPage(event);" title="Ajouter à ma liste" class="bt-produit-ajout-liste" href="http://www.auchandirect.fr/rayon.productgridorlist.productlist_1.thumbnailproduct_0.addproducttoshoppinglist/57067?t:ac=431977">Ajouter à ma liste</a></div><div class="infos-produit-1"><div class="prix-actuel"><span>29.90€</span></div></div><div class="infos-produit-2"><a title="Voir le produit" href="http://www.auchandirect.fr/marché/boucherie---volaille/côte-à-l'os/id1/460/57067"><h2>BOEUF CHAROLAIS</h2><h4>Côte à l'os</h4><h4>Origine France</h4><p>
1 kg
<br/>
29.90€/kg
</p></a></div><div class="mini_picto_bas"><!-- FIXME IDEM --><span class="com.atosworldline.ri.auchan.direct.front.tapestry.data.multimedia.Picture@7f34f6a pictoListing txtImg">XXXXX</span><!-- FIXME IDEM --><span class="com.atosworldline.ri.auchan.direct.front.tapestry.data.multimedia.Picture@76e2bc39 pictoListing txtImg">XXXXX</span></div></div></div></td></tr><tr><td><!-- PL : ici --><div class="bloc-produit "><div class="bloc-produit-content   "><a title="Voir le produit" href="http://www.auchandirect.fr/marché/boucherie---volaille/boeuf-charolais-origine-france/id1/460/57071"><img src="http://www.auchandirect.fr/static/images/products/line/57071.jpg" alt="" class="produit "/></a><div class="picto"><span class="invisible"></span></div><div class="boutons-produit"><a id="addProductToBasket_23" onclick="javascript:Tapestry.waitForPage(event);" title="Ajouter au panier" class="bt-produit-ajout-panier" href="http://www.auchandirect.fr/rayon.productgridorlist.productlist_1.thumbnailproduct_0.addproducttobasket/57071?t:ac=431977"><span>Ajouter au panier</span></a><a id="addProductToShoppingList_26" onclick="javascript:Tapestry.waitForPage(event);" title="Ajouter à ma liste" class="bt-produit-ajout-liste" href="http://www.auchandirect.fr/rayon.productgridorlist.productlist_1.thumbnailproduct_0.addproducttoshoppinglist/57071?t:ac=431977">Ajouter à ma liste</a></div><div class="infos-produit-1"><div class="prix-actuel"><span>12.50€</span></div></div><div class="infos-produit-2"><a title="Voir le produit" href="http://www.auchandirect.fr/marché/boucherie---volaille/boeuf-charolais-origine-france/id1/460/57071"><h2>BOEUF CHAROLAIS</h2><h4>Boeuf Charolais origine France</h4><h4>Faux filet 2 x 220 g</h4><p>
2 x 220 g
<br/>
28.41€/kg
</p></a></div><div class="mini_picto_bas"><!-- FIXME IDEM --><span class="com.atosworldline.ri.auchan.direct.front.tapestry.data.multimedia.Picture@41616d01 pictoListing txtImg">XXXXX</span><!-- FIXME IDEM --><span class="com.atosworldline.ri.auchan.direct.front.tapestry.data.multimedia.Picture@633b7e2f pictoListing txtImg">XXXXX</span></div></div></div></td><td><!-- PL : ici --><div class="bloc-produit "><div class="bloc-produit-content   "><a title="Voir le produit" href="http://www.auchandirect.fr/marché/boucherie---volaille/origine-france/id1/460/57077"><img src="http://www.auchandirect.fr/static/images/products/line/57077.jpg" alt="" class="produit "/></a><div class="picto"><span class="invisible"></span></div><div class="boutons-produit"><a id="addProductToBasket_24" onclick="javascript:Tapestry.waitForPage(event);" title="Ajouter au panier" class="bt-produit-ajout-panier" href="http://www.auchandirect.fr/rayon.productgridorlist.productlist_1.thumbnailproduct_0.addproducttobasket/57077?t:ac=431977"><span>Ajouter au panier</span></a><a id="addProductToShoppingList_27" onclick="javascript:Tapestry.waitForPage(event);" title="Ajouter à ma liste" class="bt-produit-ajout-liste" href="http://www.auchandirect.fr/rayon.productgridorlist.productlist_1.thumbnailproduct_0.addproducttoshoppinglist/57077?t:ac=431977">Ajouter à ma liste</a></div><div class="infos-produit-1"><div class="prix-actuel"><span>23.50€</span></div></div><div class="infos-produit-2"><a title="Voir le produit" href="http://www.auchandirect.fr/marché/boucherie---volaille/origine-france/id1/460/57077"><h2>BOEUF CHAROLAIS</h2><h4>Origine France</h4><h4>Roosbeef 1er choix Tranche</h4><p>
1 kg
<br/>
23.50€/kg
</p></a></div><div class="mini_picto_bas"><!-- FIXME IDEM --><span class="com.atosworldline.ri.auchan.direct.front.tapestry.data.multimedia.Picture@4fc6a2a2 pictoListing txtImg">XXXXX</span><!-- FIXME IDEM --><span class="com.atosworldline.ri.auchan.direct.front.tapestry.data.multimedia.Picture@79df6298 pictoListing txtImg">XXXXX</span></div></div></div></td><td><!-- PL : ici --><div class="bloc-produit "><div class="bloc-produit-content   "><a title="Voir le produit" href="http://www.auchandirect.fr/marché/boucherie---volaille/bourguignon/id1/460/57065"><img src="http://www.auchandirect.fr/static/images/products/line/57065.jpg" alt="" class="produit "/></a><div class="picto"><span class="invisible"></span></div><div class="boutons-produit"><a id="addProductToBasket_25" onclick="javascript:Tapestry.waitForPage(event);" title="Ajouter au panier" class="bt-produit-ajout-panier" href="http://www.auchandirect.fr/rayon.productgridorlist.productlist_1.thumbnailproduct_0.addproducttobasket/57065?t:ac=431977"><span>Ajouter au panier</span></a><a id="addProductToShoppingList_28" onclick="javascript:Tapestry.waitForPage(event);" title="Ajouter à ma liste" class="bt-produit-ajout-liste" href="http://www.auchandirect.fr/rayon.productgridorlist.productlist_1.thumbnailproduct_0.addproducttoshoppinglist/57065?t:ac=431977">Ajouter à ma liste</a></div><div class="infos-produit-1"><div class="prix-actuel"><span>8.40€</span></div></div><div class="infos-produit-2"><a title="Voir le produit" href="http://www.auchandirect.fr/marché/boucherie---volaille/bourguignon/id1/460/57065"><h2>BOEUF CHAROLAIS</h2><h4>Bourguignon</h4><h4>Origine France</h4><p>
500 g
<br/>
16.80€/kg
</p></a></div><div class="mini_picto_bas"><!-- FIXME IDEM --><span class="com.atosworldline.ri.auchan.direct.front.tapestry.data.multimedia.Picture@54a2e713 pictoListing txtImg">XXXXX</span><!-- FIXME IDEM --><span class="com.atosworldline.ri.auchan.direct.front.tapestry.data.multimedia.Picture@12f0bbce pictoListing txtImg">XXXXX</span></div></div></div></td></tr><tr><td><!-- PL : ici --><div class="bloc-produit "><div class="bloc-produit-content   "><a title="Voir le produit" href="http://www.auchandirect.fr/marché/boucherie---volaille/origine-france/id1/460/57079"><img src="http://www.auchandirect.fr/static/images/products/line/57079.jpg" alt="" class="produit "/></a><div class="picto"><span class="invisible"></span></div><div class="boutons-produit"><a id="addProductToBasket_26" onclick="javascript:Tapestry.waitForPage(event);" title="Ajouter au panier" class="bt-produit-ajout-panier" href="http://www.auchandirect.fr/rayon.productgridorlist.productlist_1.thumbnailproduct_0.addproducttobasket/57079?t:ac=431977"><span>Ajouter au panier</span></a><a id="addProductToShoppingList_29" onclick="javascript:Tapestry.waitForPage(event);" title="Ajouter à ma liste" class="bt-produit-ajout-liste" href="http://www.auchandirect.fr/rayon.productgridorlist.productlist_1.thumbnailproduct_0.addproducttoshoppinglist/57079?t:ac=431977">Ajouter à ma liste</a></div><div class="infos-produit-1"><div class="prix-actuel"><span>26.30€</span></div></div><div class="infos-produit-2"><a title="Voir le produit" href="http://www.auchandirect.fr/marché/boucherie---volaille/origine-france/id1/460/57079"><h2>BOEUF CHAROLAIS</h2><h4>Origine France</h4><h4>Roosbeef supérieur, 1kg</h4><p>
1 kg
<br/>
26.30€/kg
</p></a></div><div class="mini_picto_bas"><!-- FIXME IDEM --><span class="com.atosworldline.ri.auchan.direct.front.tapestry.data.multimedia.Picture@2ce3b31b pictoListing txtImg">XXXXX</span><!-- FIXME IDEM --><span class="com.atosworldline.ri.auchan.direct.front.tapestry.data.multimedia.Picture@1903c8a3 pictoListing txtImg">XXXXX</span></div></div></div></td><td><!-- PL : ici --><div class="bloc-produit "><div class="bloc-produit-content   "><a title="Voir le produit" href="http://www.auchandirect.fr/marché/boucherie---volaille/charolais-origine-france/id1/460/57081"><img src="http://www.auchandirect.fr/static/images/products/line/57081.jpg" alt="" class="produit "/></a><div class="picto"><span class="invisible"></span></div><div class="boutons-produit"><a id="addProductToBasket_27" onclick="javascript:Tapestry.waitForPage(event);" title="Ajouter au panier" class="bt-produit-ajout-panier" href="http://www.auchandirect.fr/rayon.productgridorlist.productlist_1.thumbnailproduct_0.addproducttobasket/57081?t:ac=431977"><span>Ajouter au panier</span></a><a id="addProductToShoppingList_30" onclick="javascript:Tapestry.waitForPage(event);" title="Ajouter à ma liste" class="bt-produit-ajout-liste" href="http://www.auchandirect.fr/rayon.productgridorlist.productlist_1.thumbnailproduct_0.addproducttoshoppinglist/57081?t:ac=431977">Ajouter à ma liste</a></div><div class="infos-produit-1"><div class="prix-actuel"><span>6.62€</span></div></div><div class="infos-produit-2"><a title="Voir le produit" href="http://www.auchandirect.fr/marché/boucherie---volaille/charolais-origine-france/id1/460/57081"><h2>BOEUF CHAROLAIS</h2><h4>Charolais origine France</h4><h4>Steak 1er choix Tranche 2 x 160 g</h4><p>
2 x 160 g
<br/>
20.69€/kg
</p></a></div><div class="mini_picto_bas"><!-- FIXME IDEM --><span class="com.atosworldline.ri.auchan.direct.front.tapestry.data.multimedia.Picture@1cbea762 pictoListing txtImg">XXXXX</span><!-- FIXME IDEM --><span class="com.atosworldline.ri.auchan.direct.front.tapestry.data.multimedia.Picture@28df21ac pictoListing txtImg">XXXXX</span></div></div></div></td><td><!-- PL : ici --><div class="bloc-produit  bientot-dispo"><div class="bloc-produit-content   "><a title="Voir le produit" href="http://www.auchandirect.fr/charcuterie-traiteur/charcuterie/mortadelle/id1/468/60053"><img src="http://www.auchandirect.fr/static/images/products/line/60053.jpg" alt="" class="produit "/></a><div class="picto"><span class="invisible"></span></div><div class="boutons-produit"><a class="bt-produit-ajout-panier disable" title="Bientôt disponible" href="javascript:void(0)"><span>Bientôt disponible</span></a><a id="addProductToShoppingList_31" onclick="javascript:Tapestry.waitForPage(event);" title="Ajouter à ma liste" class="bt-produit-ajout-liste" href="http://www.auchandirect.fr/rayon.productgridorlist.productlist_1.thumbnailproduct_0.addproducttoshoppinglist/60053?t:ac=431977">Ajouter à ma liste</a></div><div class="infos-produit-1"><div class="prix-actuel"><span>1.70€</span></div></div><div class="infos-produit-2"><a title="Voir le produit" href="http://www.auchandirect.fr/charcuterie-traiteur/charcuterie/mortadelle/id1/468/60053"><h2>CHARCUTERIE</h2><h4>Mortadelle</h4><h4></h4><p>
100 g
<br/>
17.00€/kg
</p></a></div><div class="mini_picto_bas"><!-- FIXME IDEM --><span class="com.atosworldline.ri.auchan.direct.front.tapestry.data.multimedia.Picture@38a80e2 pictoListing txtImg">XXXXX</span><!-- FIXME IDEM --><span class="com.atosworldline.ri.auchan.direct.front.tapestry.data.multimedia.Picture@7a13773e pictoListing txtImg">XXXXX</span></div></div></div></td></tr><tr><td><!-- PL : ici --><div class="bloc-produit  bientot-dispo"><div class="bloc-produit-content   "><a title="Voir le produit" href="http://www.auchandirect.fr/charcuterie-traiteur/charcuterie/coppa/id1/468/60316"><img src="http://www.auchandirect.fr/static/images/products/line/60316.jpg" alt="" class="produit "/></a><div class="picto"><span class="invisible"></span></div><div class="boutons-produit"><a class="bt-produit-ajout-panier disable" title="Bientôt disponible" href="javascript:void(0)"><span>Bientôt disponible</span></a><a id="addProductToShoppingList_32" onclick="javascript:Tapestry.waitForPage(event);" title="Ajouter à ma liste" class="bt-produit-ajout-liste" href="http://www.auchandirect.fr/rayon.productgridorlist.productlist_1.thumbnailproduct_0.addproducttoshoppinglist/60316?t:ac=431977">Ajouter à ma liste</a></div><div class="infos-produit-1"><div class="prix-actuel"><span>5.20€</span></div></div><div class="infos-produit-2"><a title="Voir le produit" href="http://www.auchandirect.fr/charcuterie-traiteur/charcuterie/coppa/id1/468/60316"><h2>CHARCUTERIE</h2><h4>Coppa</h4><h4></h4><p>
100 g
<br/>
52.00€/kg
</p></a></div><div class="mini_picto_bas"><!-- FIXME IDEM --><span class="com.atosworldline.ri.auchan.direct.front.tapestry.data.multimedia.Picture@733a0d07 pictoListing txtImg">XXXXX</span><!-- FIXME IDEM --><span class="com.atosworldline.ri.auchan.direct.front.tapestry.data.multimedia.Picture@682d81aa pictoListing txtImg">XXXXX</span></div></div></div></td><td><!-- PL : ici --><div class="bloc-produit  bientot-dispo"><div class="bloc-produit-content   "><a title="Voir le produit" href="http://www.auchandirect.fr/charcuterie-traiteur/charcuterie/jambon-rôti-aux-herbes/id1/468/60086"><img src="http://www.auchandirect.fr/static/images/products/line/60086.jpg" alt="" class="produit "/></a><div class="picto"><span class="invisible"></span></div><div class="boutons-produit"><a class="bt-produit-ajout-panier disable" title="Bientôt disponible" href="javascript:void(0)"><span>Bientôt disponible</span></a><a id="addProductToShoppingList_33" onclick="javascript:Tapestry.waitForPage(event);" title="Ajouter à ma liste" class="bt-produit-ajout-liste" href="http://www.auchandirect.fr/rayon.productgridorlist.productlist_1.thumbnailproduct_0.addproducttoshoppinglist/60086?t:ac=431977">Ajouter à ma liste</a></div><div class="infos-produit-1"><div class="prix-actuel"><span>6.20€</span></div></div><div class="infos-produit-2"><a title="Voir le produit" href="http://www.auchandirect.fr/charcuterie-traiteur/charcuterie/jambon-rôti-aux-herbes/id1/468/60086"><h2>CHARCUTERIE</h2><h4>Jambon rôti aux herbes</h4><h4></h4><p>
200 g
<br/>
31.00€/kg
</p></a></div><div class="mini_picto_bas"><!-- FIXME IDEM --><span class="com.atosworldline.ri.auchan.direct.front.tapestry.data.multimedia.Picture@7407a14c pictoListing txtImg">XXXXX</span><!-- FIXME IDEM --><span class="com.atosworldline.ri.auchan.direct.front.tapestry.data.multimedia.Picture@20eec017 pictoListing txtImg">XXXXX</span></div></div></div></td><td><!-- PL : ici --><div class="bloc-produit "><div class="bloc-produit-content   "><a title="Voir le produit" href="http://www.auchandirect.fr/charcuterie-traiteur/charcuterie/pâté-de-foie-à-l'ancienne/id1/468/58218"><img src="http://www.auchandirect.fr/static/images/products/line/58218.jpg" alt="" class="produit "/></a><div class="picto"><span class="invisible"></span></div><div class="boutons-produit"><a id="addProductToBasket_28" onclick="javascript:Tapestry.waitForPage(event);" title="Ajouter au panier" class="bt-produit-ajout-panier" href="http://www.auchandirect.fr/rayon.productgridorlist.productlist_1.thumbnailproduct_0.addproducttobasket/58218?t:ac=431977"><span>Ajouter au panier</span></a><a id="addProductToShoppingList_34" onclick="javascript:Tapestry.waitForPage(event);" title="Ajouter à ma liste" class="bt-produit-ajout-liste" href="http://www.auchandirect.fr/rayon.productgridorlist.productlist_1.thumbnailproduct_0.addproducttoshoppinglist/58218?t:ac=431977">Ajouter à ma liste</a></div><div class="infos-produit-1"><div class="prix-actuel"><span>2.88€</span></div></div><div class="infos-produit-2"><a title="Voir le produit" href="http://www.auchandirect.fr/charcuterie-traiteur/charcuterie/pâté-de-foie-à-l'ancienne/id1/468/58218"><h2>CHARCUTERIE</h2><h4>Pâté de foie à l'ancienne</h4><h4>Pâté de foie à l'ancienne, 140 g</h4><p>
140 g
<br/>
20.57€/kg
</p></a></div><div class="mini_picto_bas"><!-- FIXME IDEM --><span class="com.atosworldline.ri.auchan.direct.front.tapestry.data.multimedia.Picture@3691bc97 pictoListing txtImg">XXXXX</span><!-- FIXME IDEM --><span class="com.atosworldline.ri.auchan.direct.front.tapestry.data.multimedia.Picture@19f4797e pictoListing txtImg">XXXXX</span></div></div></div></td></tr><tr><td><!-- PL : ici --><div class="bloc-produit  bientot-dispo"><div class="bloc-produit-content   "><a title="Voir le produit" href="http://www.auchandirect.fr/charcuterie-traiteur/charcuterie/tripes-à-la-mode-de-caen/id1/468/58260"><img src="http://www.auchandirect.fr/static/images/products/line/58260.jpg" alt="" class="produit "/></a><div class="picto"><span class="invisible"></span></div><div class="boutons-produit"><a class="bt-produit-ajout-panier disable" title="Bientôt disponible" href="javascript:void(0)"><span>Bientôt disponible</span></a><a id="addProductToShoppingList_35" onclick="javascript:Tapestry.waitForPage(event);" title="Ajouter à ma liste" class="bt-produit-ajout-liste" href="http://www.auchandirect.fr/rayon.productgridorlist.productlist_1.thumbnailproduct_0.addproducttoshoppinglist/58260?t:ac=431977">Ajouter à ma liste</a></div><div class="infos-produit-1"><div class="prix-actuel"><span>4.46€</span></div></div><div class="infos-produit-2"><a title="Voir le produit" href="http://www.auchandirect.fr/charcuterie-traiteur/charcuterie/tripes-à-la-mode-de-caen/id1/468/58260"><h2>CHARCUTERIE</h2><h4>Tripes à la mode de Caen</h4><h4></h4><p>
500 g
<br/>
8.92€/kg
</p></a></div><div class="mini_picto_bas"><!-- FIXME IDEM --><span class="com.atosworldline.ri.auchan.direct.front.tapestry.data.multimedia.Picture@5658fc85 pictoListing txtImg">XXXXX</span><!-- FIXME IDEM --><span class="com.atosworldline.ri.auchan.direct.front.tapestry.data.multimedia.Picture@6c2aac0c pictoListing txtImg">XXXXX</span></div></div></div></td><td><!-- PL : ici --><div class="bloc-produit "><div class="bloc-produit-content   "><a title="Voir le produit" href="http://www.auchandirect.fr/charcuterie-traiteur/charcuterie/mousse-de-canard/id1/468/58217"><img src="http://www.auchandirect.fr/static/images/products/line/58217.jpg" alt="" class="produit "/></a><div class="picto"><span class="invisible"></span></div><div class="boutons-produit"><a id="addProductToBasket_29" onclick="javascript:Tapestry.waitForPage(event);" title="Ajouter au panier" class="bt-produit-ajout-panier" href="http://www.auchandirect.fr/rayon.productgridorlist.productlist_1.thumbnailproduct_0.addproducttobasket/58217?t:ac=431977"><span>Ajouter au panier</span></a><a id="addProductToShoppingList_36" onclick="javascript:Tapestry.waitForPage(event);" title="Ajouter à ma liste" class="bt-produit-ajout-liste" href="http://www.auchandirect.fr/rayon.productgridorlist.productlist_1.thumbnailproduct_0.addproducttoshoppinglist/58217?t:ac=431977">Ajouter à ma liste</a></div><div class="infos-produit-1"><div class="prix-actuel"><span>3.50€</span></div></div><div class="infos-produit-2"><a title="Voir le produit" href="http://www.auchandirect.fr/charcuterie-traiteur/charcuterie/mousse-de-canard/id1/468/58217"><h2>CHARCUTERIE</h2><h4>Mousse de canard</h4><h4>Mousse de canard au porto, 140 g</h4><p>
140 g
<br/>
25.00€/kg
</p></a></div><div class="mini_picto_bas"><!-- FIXME IDEM --><span class="com.atosworldline.ri.auchan.direct.front.tapestry.data.multimedia.Picture@47cfc1e4 pictoListing txtImg">XXXXX</span><!-- FIXME IDEM --><span class="com.atosworldline.ri.auchan.direct.front.tapestry.data.multimedia.Picture@18c28491 pictoListing txtImg">XXXXX</span></div></div></div></td><td><!-- PL : ici --><div class="bloc-produit "><div class="bloc-produit-content   "><a title="Voir le produit" href="http://www.auchandirect.fr/charcuterie-traiteur/charcuterie/pâté-de-tête-persillée-avec-langues/id1/468/58216"><img src="http://www.auchandirect.fr/static/images/products/line/58216.jpg" alt="" class="produit "/></a><div class="picto"><span class="invisible"></span></div><div class="boutons-produit"><a id="addProductToBasket_30" onclick="javascript:Tapestry.waitForPage(event);" title="Ajouter au panier" class="bt-produit-ajout-panier" href="http://www.auchandirect.fr/rayon.productgridorlist.productlist_1.thumbnailproduct_0.addproducttobasket/58216?t:ac=431977"><span>Ajouter au panier</span></a><a id="addProductToShoppingList_37" onclick="javascript:Tapestry.waitForPage(event);" title="Ajouter à ma liste" class="bt-produit-ajout-liste" href="http://www.auchandirect.fr/rayon.productgridorlist.productlist_1.thumbnailproduct_0.addproducttoshoppinglist/58216?t:ac=431977">Ajouter à ma liste</a></div><div class="infos-produit-1"><div class="prix-actuel"><span>2.88€</span></div></div><div class="infos-produit-2"><a title="Voir le produit" href="http://www.auchandirect.fr/charcuterie-traiteur/charcuterie/pâté-de-tête-persillée-avec-langues/id1/468/58216"><h2>CHARCUTERIE</h2><h4>Pâté de tête persillée avec langues</h4><h4>Pâté de tête persillée avec langues, 15</h4><p>
150 g
<br/>
19.20€/kg
</p></a></div><div class="mini_picto_bas"><!-- FIXME IDEM --><span class="com.atosworldline.ri.auchan.direct.front.tapestry.data.multimedia.Picture@4e00b545 pictoListing txtImg">XXXXX</span><!-- FIXME IDEM --><span class="com.atosworldline.ri.auchan.direct.front.tapestry.data.multimedia.Picture@107ced05 pictoListing txtImg">XXXXX</span></div></div></div></td></tr><tr><td><!-- PL : ici --><div class="bloc-produit "><div class="bloc-produit-content   "><a title="Voir le produit" href="http://www.auchandirect.fr/charcuterie-traiteur/charcuterie/pâté-de-campagne-au-sel-de-noirmoutier/id1/468/58214"><img src="http://www.auchandirect.fr/static/images/products/line/58214.jpg" alt="" class="produit "/></a><div class="picto"><span class="invisible"></span></div><div class="boutons-produit"><a id="addProductToBasket_31" onclick="javascript:Tapestry.waitForPage(event);" title="Ajouter au panier" class="bt-produit-ajout-panier" href="http://www.auchandirect.fr/rayon.productgridorlist.productlist_1.thumbnailproduct_0.addproducttobasket/58214?t:ac=431977"><span>Ajouter au panier</span></a><a id="addProductToShoppingList_38" onclick="javascript:Tapestry.waitForPage(event);" title="Ajouter à ma liste" class="bt-produit-ajout-liste" href="http://www.auchandirect.fr/rayon.productgridorlist.productlist_1.thumbnailproduct_0.addproducttoshoppinglist/58214?t:ac=431977">Ajouter à ma liste</a></div><div class="infos-produit-1"><div class="prix-actuel"><span>2.88€</span></div></div><div class="infos-produit-2"><a title="Voir le produit" href="http://www.auchandirect.fr/charcuterie-traiteur/charcuterie/pâté-de-campagne-au-sel-de-noirmoutier/id1/468/58214"><h2>CHARCUTERIE</h2><h4>Pâté de campagne au sel de Noirmoutier</h4><h4>Pâté de campagne au sel de Noirmoutier,</h4><p>
150 g
<br/>
19.20€/kg
</p></a></div><div class="mini_picto_bas"><!-- FIXME IDEM --><span class="com.atosworldline.ri.auchan.direct.front.tapestry.data.multimedia.Picture@6129a3ca pictoListing txtImg">XXXXX</span><!-- FIXME IDEM --><span class="com.atosworldline.ri.auchan.direct.front.tapestry.data.multimedia.Picture@74c0549b pictoListing txtImg">XXXXX</span></div></div></div></td><td><!-- PL : ici --><div class="bloc-produit "><div class="bloc-produit-content   "><a title="Voir le produit" href="http://www.auchandirect.fr/charcuterie-traiteur/charcuterie/cervelas-pur-porc-10-tranches/id1/468/58242"><img src="http://www.auchandirect.fr/static/images/products/line/58242.jpg" alt="" class="produit "/></a><div class="picto"><span class="invisible"></span></div><div class="boutons-produit"><a id="addProductToBasket_32" onclick="javascript:Tapestry.waitForPage(event);" title="Ajouter au panier" class="bt-produit-ajout-panier" href="http://www.auchandirect.fr/rayon.productgridorlist.productlist_1.thumbnailproduct_0.addproducttobasket/58242?t:ac=431977"><span>Ajouter au panier</span></a><a id="addProductToShoppingList_39" onclick="javascript:Tapestry.waitForPage(event);" title="Ajouter à ma liste" class="bt-produit-ajout-liste" href="http://www.auchandirect.fr/rayon.productgridorlist.productlist_1.thumbnailproduct_0.addproducttoshoppinglist/58242?t:ac=431977">Ajouter à ma liste</a></div><div class="infos-produit-1"><div class="prix-actuel"><span>2.88€</span></div></div><div class="infos-produit-2"><a title="Voir le produit" href="http://www.auchandirect.fr/charcuterie-traiteur/charcuterie/cervelas-pur-porc-10-tranches/id1/468/58242"><h2>CHARCUTERIE</h2><h4>Cervelas pur porc  10 tranches</h4><h4></h4><p>
120 g
<br/>
24.00€/kg
</p></a></div><div class="mini_picto_bas"><!-- FIXME IDEM --><span class="com.atosworldline.ri.auchan.direct.front.tapestry.data.multimedia.Picture@50a86ed4 pictoListing txtImg">XXXXX</span><!-- FIXME IDEM --><span class="com.atosworldline.ri.auchan.direct.front.tapestry.data.multimedia.Picture@620449aa pictoListing txtImg">XXXXX</span></div></div></div></td><td><!-- PL : ici --><div class="bloc-produit "><div class="bloc-produit-content   "><a title="Voir le produit" href="http://www.auchandirect.fr/charcuterie-traiteur/charcuterie/chorizo-fort-pur-porc-courbé/id1/468/58235"><img src="http://www.auchandirect.fr/static/images/products/line/58235.jpg" alt="" class="produit "/></a><div class="picto"><span class="invisible"></span></div><div class="boutons-produit"><a id="addProductToBasket_33" onclick="javascript:Tapestry.waitForPage(event);" title="Ajouter au panier" class="bt-produit-ajout-panier" href="http://www.auchandirect.fr/rayon.productgridorlist.productlist_1.thumbnailproduct_0.addproducttobasket/58235?t:ac=431977"><span>Ajouter au panier</span></a><a id="addProductToShoppingList_40" onclick="javascript:Tapestry.waitForPage(event);" title="Ajouter à ma liste" class="bt-produit-ajout-liste" href="http://www.auchandirect.fr/rayon.productgridorlist.productlist_1.thumbnailproduct_0.addproducttoshoppinglist/58235?t:ac=431977">Ajouter à ma liste</a></div><div class="infos-produit-1"><div class="prix-actuel"><span>3.35€</span></div></div><div class="infos-produit-2"><a title="Voir le produit" href="http://www.auchandirect.fr/charcuterie-traiteur/charcuterie/chorizo-fort-pur-porc-courbé/id1/468/58235"><h2>CHARCUTERIE</h2><h4>Chorizo fort pur porc courbé</h4><h4></h4><p>
200 g
<br/>
16.75€/kg
</p></a></div><div class="mini_picto_bas"><!-- FIXME IDEM --><span class="com.atosworldline.ri.auchan.direct.front.tapestry.data.multimedia.Picture@218680a9 pictoListing txtImg">XXXXX</span><!-- FIXME IDEM --><span class="com.atosworldline.ri.auchan.direct.front.tapestry.data.multimedia.Picture@568e871 pictoListing txtImg">XXXXX</span></div></div></div></td></tr><tr><td><!-- PL : ici --><div class="bloc-produit "><div class="bloc-produit-content   "><a title="Voir le produit" href="http://www.auchandirect.fr/charcuterie-traiteur/charcuterie/chorizo-doux-pur-porc-courbé/id1/468/58234"><img src="http://www.auchandirect.fr/static/images/products/line/58234.jpg" alt="" class="produit "/></a><div class="picto"><span class="invisible"></span></div><div class="boutons-produit"><a id="addProductToBasket_34" onclick="javascript:Tapestry.waitForPage(event);" title="Ajouter au panier" class="bt-produit-ajout-panier" href="http://www.auchandirect.fr/rayon.productgridorlist.productlist_1.thumbnailproduct_0.addproducttobasket/58234?t:ac=431977"><span>Ajouter au panier</span></a><a id="addProductToShoppingList_41" onclick="javascript:Tapestry.waitForPage(event);" title="Ajouter à ma liste" class="bt-produit-ajout-liste" href="http://www.auchandirect.fr/rayon.productgridorlist.productlist_1.thumbnailproduct_0.addproducttoshoppinglist/58234?t:ac=431977">Ajouter à ma liste</a></div><div class="infos-produit-1"><div class="prix-actuel"><span>3.35€</span></div></div><div class="infos-produit-2"><a title="Voir le produit" href="http://www.auchandirect.fr/charcuterie-traiteur/charcuterie/chorizo-doux-pur-porc-courbé/id1/468/58234"><h2>CHARCUTERIE</h2><h4>Chorizo doux pur porc courbé</h4><h4></h4><p>
200 g
<br/>
16.75€/kg
</p></a></div><div class="mini_picto_bas"><!-- FIXME IDEM --><span class="com.atosworldline.ri.auchan.direct.front.tapestry.data.multimedia.Picture@4a1157e7 pictoListing txtImg">XXXXX</span><!-- FIXME IDEM --><span class="com.atosworldline.ri.auchan.direct.front.tapestry.data.multimedia.Picture@38a224ae pictoListing txtImg">XXXXX</span></div></div></div></td><td><!-- PL : ici --><div class="bloc-produit "><div class="bloc-produit-content   "><a title="Voir le produit" href="http://www.auchandirect.fr/charcuterie-traiteur/charcuterie/andouillettes-de-troyes/id1/468/58262"><img src="http://www.auchandirect.fr/static/images/products/line/58262.jpg" alt="" class="produit "/></a><div class="picto"><span class="invisible"></span></div><div class="boutons-produit"><a id="addProductToBasket_35" onclick="javascript:Tapestry.waitForPage(event);" title="Ajouter au panier" class="bt-produit-ajout-panier" href="http://www.auchandirect.fr/rayon.productgridorlist.productlist_1.thumbnailproduct_0.addproducttobasket/58262?t:ac=431977"><span>Ajouter au panier</span></a><a id="addProductToShoppingList_42" onclick="javascript:Tapestry.waitForPage(event);" title="Ajouter à ma liste" class="bt-produit-ajout-liste" href="http://www.auchandirect.fr/rayon.productgridorlist.productlist_1.thumbnailproduct_0.addproducttoshoppinglist/58262?t:ac=431977">Ajouter à ma liste</a></div><div class="infos-produit-1"><div class="prix-actuel"><span>4.62€</span></div></div><div class="infos-produit-2"><a title="Voir le produit" href="http://www.auchandirect.fr/charcuterie-traiteur/charcuterie/andouillettes-de-troyes/id1/468/58262"><h2>CHARCUTERIE</h2><h4>Andouillettes de Troyes</h4><h4></h4><p>
140 g
<br/>
16.50€/kg
</p></a></div><div class="mini_picto_bas"><!-- FIXME IDEM --><span class="com.atosworldline.ri.auchan.direct.front.tapestry.data.multimedia.Picture@1d16388e pictoListing txtImg">XXXXX</span><!-- FIXME IDEM --><span class="com.atosworldline.ri.auchan.direct.front.tapestry.data.multimedia.Picture@1ddb018d pictoListing txtImg">XXXXX</span></div></div></div></td><td><!-- PL : ici --><div class="bloc-produit  bientot-dispo"><div class="bloc-produit-content   "><a title="Voir le produit" href="http://www.auchandirect.fr/charcuterie-traiteur/traiteur/raviolis-aux-4-fromages/id1/465/60104"><img src="http://www.auchandirect.fr/static/images/products/line/60104.jpg" alt="" class="produit "/></a><div class="picto"><span class="invisible"></span></div><div class="boutons-produit"><a class="bt-produit-ajout-panier disable" title="Bientôt disponible" href="javascript:void(0)"><span>Bientôt disponible</span></a><a id="addProductToShoppingList_43" onclick="javascript:Tapestry.waitForPage(event);" title="Ajouter à ma liste" class="bt-produit-ajout-liste" href="http://www.auchandirect.fr/rayon.productgridorlist.productlist_1.thumbnailproduct_0.addproducttoshoppinglist/60104?t:ac=431977">Ajouter à ma liste</a></div><div class="infos-produit-1"><div class="prix-actuel"><span>6.08€</span></div></div><div class="infos-produit-2"><a title="Voir le produit" href="http://www.auchandirect.fr/charcuterie-traiteur/traiteur/raviolis-aux-4-fromages/id1/465/60104"><h2>TRAITEUR</h2><h4>Raviolis aux 4 fromages</h4><h4></h4><p>
200 g
<br/>
30.40€/kg
</p></a></div><div class="mini_picto_bas"><!-- FIXME IDEM --><span class="com.atosworldline.ri.auchan.direct.front.tapestry.data.multimedia.Picture@5951bfd4 pictoListing txtImg">XXXXX</span><!-- FIXME IDEM --><span class="com.atosworldline.ri.auchan.direct.front.tapestry.data.multimedia.Picture@609251c pictoListing txtImg">XXXXX</span></div></div></div></td></tr><tr><td><!-- PL : ici --><div class="bloc-produit "><div class="bloc-produit-content   "><a title="Voir le produit" href="http://www.auchandirect.fr/marché/boucherie---volaille/morceau-d'épaule,-bas-de-carré,-poitrine/id1/460/57166"><img src="http://www.auchandirect.fr/static/images/products/line/57166.jpg" alt="" class="produit "/></a><div class="picto"><span class="invisible"></span></div><div class="boutons-produit"><a id="addProductToBasket_36" onclick="javascript:Tapestry.waitForPage(event);" title="Ajouter au panier" class="bt-produit-ajout-panier" href="http://www.auchandirect.fr/rayon.productgridorlist.productlist_1.thumbnailproduct_0.addproducttobasket/57166?t:ac=431977"><span>Ajouter au panier</span></a><a id="addProductToShoppingList_44" onclick="javascript:Tapestry.waitForPage(event);" title="Ajouter à ma liste" class="bt-produit-ajout-liste" href="http://www.auchandirect.fr/rayon.productgridorlist.productlist_1.thumbnailproduct_0.addproducttoshoppinglist/57166?t:ac=431977">Ajouter à ma liste</a></div><div class="infos-produit-1"><div class="prix-actuel"><span>8.76€</span></div></div><div class="infos-produit-2"><a title="Voir le produit" href="http://www.auchandirect.fr/marché/boucherie---volaille/morceau-d'épaule,-bas-de-carré,-poitrine/id1/460/57166"><h2>VEAU</h2><h4>Morceau d'épaule, bas de carré, poitrine</h4><h4>Blanquette</h4><p>
600 g
<br/>
14.60€/kg
</p></a></div><div class="mini_picto_bas"><!-- FIXME IDEM --><span class="com.atosworldline.ri.auchan.direct.front.tapestry.data.multimedia.Picture@7378611 pictoListing txtImg">XXXXX</span><!-- FIXME IDEM --><span class="com.atosworldline.ri.auchan.direct.front.tapestry.data.multimedia.Picture@4e42c9ca pictoListing txtImg">XXXXX</span></div></div></div></td><td><!-- PL : ici --><div class="bloc-produit "><div class="bloc-produit-content   "><a title="Voir le produit" href="http://www.auchandirect.fr/marché/boucherie---volaille/tranche-de-jarret-de-veau/id1/460/57178"><img src="http://www.auchandirect.fr/static/images/products/line/57178.jpg" alt="" class="produit "/></a><div class="picto"><span class="invisible"></span></div><div class="boutons-produit"><a id="addProductToBasket_37" onclick="javascript:Tapestry.waitForPage(event);" title="Ajouter au panier" class="bt-produit-ajout-panier" href="http://www.auchandirect.fr/rayon.productgridorlist.productlist_1.thumbnailproduct_0.addproducttobasket/57178?t:ac=431977"><span>Ajouter au panier</span></a><a id="addProductToShoppingList_45" onclick="javascript:Tapestry.waitForPage(event);" title="Ajouter à ma liste" class="bt-produit-ajout-liste" href="http://www.auchandirect.fr/rayon.productgridorlist.productlist_1.thumbnailproduct_0.addproducttoshoppinglist/57178?t:ac=431977">Ajouter à ma liste</a></div><div class="infos-produit-1"><div class="prix-actuel"><span>9.30€</span></div></div><div class="infos-produit-2"><a title="Voir le produit" href="http://www.auchandirect.fr/marché/boucherie---volaille/tranche-de-jarret-de-veau/id1/460/57178"><h2>VEAU</h2><h4>Tranche de jarret de veau</h4><h4>Osso Bucco</h4><p>
600 g
<br/>
15.50€/kg
</p></a></div><div class="mini_picto_bas"><!-- FIXME IDEM --><span class="com.atosworldline.ri.auchan.direct.front.tapestry.data.multimedia.Picture@27bf1016 pictoListing txtImg">XXXXX</span><!-- FIXME IDEM --><span class="com.atosworldline.ri.auchan.direct.front.tapestry.data.multimedia.Picture@70b928bc pictoListing txtImg">XXXXX</span></div></div></div></td><td><!-- PL : ici --><div class="bloc-produit "><div class="bloc-produit-content   "><a title="Voir le produit" href="http://www.auchandirect.fr/marché/boucherie---volaille/farce-de-porc-et-veau-roulée-dans-une-fine-escalope/id1/460/57175"><img src="http://www.auchandirect.fr/static/images/products/line/57175.jpg" alt="" class="produit "/></a><div class="picto"><span class="invisible"></span></div><div class="boutons-produit"><a id="addProductToBasket_38" onclick="javascript:Tapestry.waitForPage(event);" title="Ajouter au panier" class="bt-produit-ajout-panier" href="http://www.auchandirect.fr/rayon.productgridorlist.productlist_1.thumbnailproduct_0.addproducttobasket/57175?t:ac=431977"><span>Ajouter au panier</span></a><a id="addProductToShoppingList_46" onclick="javascript:Tapestry.waitForPage(event);" title="Ajouter à ma liste" class="bt-produit-ajout-liste" href="http://www.auchandirect.fr/rayon.productgridorlist.productlist_1.thumbnailproduct_0.addproducttoshoppinglist/57175?t:ac=431977">Ajouter à ma liste</a></div><div class="infos-produit-1"><div class="prix-actuel"><span>7.52€</span></div></div><div class="infos-produit-2"><a title="Voir le produit" href="http://www.auchandirect.fr/marché/boucherie---volaille/farce-de-porc-et-veau-roulée-dans-une-fine-escalope/id1/460/57175"><h2>VEAU</h2><h4>Farce de porc et veau roulée dans une fine escalope</h4><h4>Paupiettes</h4><p>
2 x 200 g
<br/>
18.80€/kg
</p></a></div><div class="mini_picto_bas"><!-- FIXME IDEM --><span class="com.atosworldline.ri.auchan.direct.front.tapestry.data.multimedia.Picture@6d85bf8b pictoListing txtImg">XXXXX</span><!-- FIXME IDEM --><span class="com.atosworldline.ri.auchan.direct.front.tapestry.data.multimedia.Picture@67e276d9 pictoListing txtImg">XXXXX</span></div></div></div></td></tr><tr><td><!-- PL : ici --><div class="bloc-produit "><div class="bloc-produit-content   "><a title="Voir le produit" href="http://www.auchandirect.fr/marché/boucherie---volaille/veau-elevé-et-abattu-en-france/id1/460/57169"><img src="http://www.auchandirect.fr/static/images/products/line/57169.jpg" alt="" class="produit "/></a><div class="picto"><span class="invisible"></span></div><div class="boutons-produit"><a id="addProductToBasket_39" onclick="javascript:Tapestry.waitForPage(event);" title="Ajouter au panier" class="bt-produit-ajout-panier" href="http://www.auchandirect.fr/rayon.productgridorlist.productlist_1.thumbnailproduct_0.addproducttobasket/57169?t:ac=431977"><span>Ajouter au panier</span></a><a id="addProductToShoppingList_47" onclick="javascript:Tapestry.waitForPage(event);" title="Ajouter à ma liste" class="bt-produit-ajout-liste" href="http://www.auchandirect.fr/rayon.productgridorlist.productlist_1.thumbnailproduct_0.addproducttoshoppinglist/57169?t:ac=431977">Ajouter à ma liste</a></div><div class="infos-produit-1"><div class="prix-actuel"><span>10.90€</span></div></div><div class="infos-produit-2"><a title="Voir le produit" href="http://www.auchandirect.fr/marché/boucherie---volaille/veau-elevé-et-abattu-en-france/id1/460/57169"><h2>VEAU</h2><h4>Veau Elevé et abattu en France</h4><h4>Côtes 2 x 200/220 g</h4><p>
2 x 200/220g
<br/>
30.28€/kg
</p></a></div><div class="mini_picto_bas"><!-- FIXME IDEM --><span class="com.atosworldline.ri.auchan.direct.front.tapestry.data.multimedia.Picture@122f3999 pictoListing txtImg">XXXXX</span><!-- FIXME IDEM --><span class="com.atosworldline.ri.auchan.direct.front.tapestry.data.multimedia.Picture@5a6e7522 pictoListing txtImg">XXXXX</span></div></div></div></td><td><!-- PL : ici --><div class="bloc-produit "><div class="bloc-produit-content   "><a title="Voir le produit" href="http://www.auchandirect.fr/marché/boucherie---volaille/veau-elevé-et-abattu-en-france/id1/460/57164"><img src="http://www.auchandirect.fr/static/images/products/line/57164.jpg" alt="" class="produit "/></a><div class="picto"><span class="invisible"></span></div><div class="boutons-produit"><a id="addProductToBasket_40" onclick="javascript:Tapestry.waitForPage(event);" title="Ajouter au panier" class="bt-produit-ajout-panier" href="http://www.auchandirect.fr/rayon.productgridorlist.productlist_1.thumbnailproduct_0.addproducttobasket/57164?t:ac=431977"><span>Ajouter au panier</span></a><a id="addProductToShoppingList_48" onclick="javascript:Tapestry.waitForPage(event);" title="Ajouter à ma liste" class="bt-produit-ajout-liste" href="http://www.auchandirect.fr/rayon.productgridorlist.productlist_1.thumbnailproduct_0.addproducttoshoppinglist/57164?t:ac=431977">Ajouter à ma liste</a></div><div class="infos-produit-1"><div class="prix-actuel"><span>8.90€</span></div></div><div class="infos-produit-2"><a title="Voir le produit" href="http://www.auchandirect.fr/marché/boucherie---volaille/veau-elevé-et-abattu-en-france/id1/460/57164"><h2>VEAU</h2><h4>Veau Elevé et abattu en France</h4><h4>Escalope 2 x 150 g</h4><p>
2 x 150 g
<br/>
29.67€/kg
</p></a></div><div class="mini_picto_bas"><!-- FIXME IDEM --><span class="com.atosworldline.ri.auchan.direct.front.tapestry.data.multimedia.Picture@3ed721f6 pictoListing txtImg">XXXXX</span><!-- FIXME IDEM --><span class="com.atosworldline.ri.auchan.direct.front.tapestry.data.multimedia.Picture@1df6bdb5 pictoListing txtImg">XXXXX</span></div></div></div></td><td><!-- PL : ici --><div class="bloc-produit "><div class="bloc-produit-content   "><a title="Voir le produit" href="http://www.auchandirect.fr/marché/boucherie---volaille/rôti-noix-de-veau,-1-kg/id1/460/57182"><img src="http://www.auchandirect.fr/static/images/products/line/57182.jpg" alt="" class="produit "/></a><div class="picto"><span class="invisible"></span></div><div class="boutons-produit"><a id="addProductToBasket_41" onclick="javascript:Tapestry.waitForPage(event);" title="Ajouter au panier" class="bt-produit-ajout-panier" href="http://www.auchandirect.fr/rayon.productgridorlist.productlist_1.thumbnailproduct_0.addproducttobasket/57182?t:ac=431977"><span>Ajouter au panier</span></a><a id="addProductToShoppingList_49" onclick="javascript:Tapestry.waitForPage(event);" title="Ajouter à ma liste" class="bt-produit-ajout-liste" href="http://www.auchandirect.fr/rayon.productgridorlist.productlist_1.thumbnailproduct_0.addproducttoshoppinglist/57182?t:ac=431977">Ajouter à ma liste</a></div><div class="infos-produit-1"><div class="prix-actuel"><span>23.60€</span></div></div><div class="infos-produit-2"><a title="Voir le produit" href="http://www.auchandirect.fr/marché/boucherie---volaille/rôti-noix-de-veau,-1-kg/id1/460/57182"><h2>VEAU</h2><h4>Rôti noix de veau, 1 kg</h4><h4></h4><p>
1 kg
<br/>
23.60€/kg
</p></a></div><div class="mini_picto_bas"><!-- FIXME IDEM --><span class="com.atosworldline.ri.auchan.direct.front.tapestry.data.multimedia.Picture@3220c571 pictoListing txtImg">XXXXX</span><!-- FIXME IDEM --><span class="com.atosworldline.ri.auchan.direct.front.tapestry.data.multimedia.Picture@582976d pictoListing txtImg">XXXXX</span></div></div></div></td></tr><tr><td><!-- PL : ici --><div class="bloc-produit  bientot-dispo"><div class="bloc-produit-content   "><a title="Voir le produit" href="http://www.auchandirect.fr/marché/boucherie---volaille/tendrons/id1/460/57184"><img src="http://www.auchandirect.fr/static/images/products/line/57184.jpg" alt="" class="produit "/></a><div class="picto"><span class="invisible"></span></div><div class="boutons-produit"><a class="bt-produit-ajout-panier disable" title="Bientôt disponible" href="javascript:void(0)"><span>Bientôt disponible</span></a><a id="addProductToShoppingList_50" onclick="javascript:Tapestry.waitForPage(event);" title="Ajouter à ma liste" class="bt-produit-ajout-liste" href="http://www.auchandirect.fr/rayon.productgridorlist.productlist_1.thumbnailproduct_0.addproducttoshoppinglist/57184?t:ac=431977">Ajouter à ma liste</a></div><div class="infos-produit-1"><div class="prix-actuel"><span>6.12€</span></div></div><div class="infos-produit-2"><a title="Voir le produit" href="http://www.auchandirect.fr/marché/boucherie---volaille/tendrons/id1/460/57184"><h2>VEAU</h2><h4>Tendrons</h4><h4>Origine France</h4><p>
600 g
<br/>
10.20€/kg
</p></a></div><div class="mini_picto_bas"><!-- FIXME IDEM --><span class="com.atosworldline.ri.auchan.direct.front.tapestry.data.multimedia.Picture@2c16cb69 pictoListing txtImg">XXXXX</span><!-- FIXME IDEM --><span class="com.atosworldline.ri.auchan.direct.front.tapestry.data.multimedia.Picture@c84711c pictoListing txtImg">XXXXX</span></div></div></div></td><td><!-- PL : ici --><div class="bloc-produit "><div class="bloc-produit-content   "><a title="Voir le produit" href="http://www.auchandirect.fr/marché/boucherie---volaille/foie-de-veau/id1/460/57180"><img src="http://www.auchandirect.fr/static/images/products/line/57180.jpg" alt="" class="produit "/></a><div class="picto"><span class="invisible"></span></div><div class="boutons-produit"><a id="addProductToBasket_42" onclick="javascript:Tapestry.waitForPage(event);" title="Ajouter au panier" class="bt-produit-ajout-panier" href="http://www.auchandirect.fr/rayon.productgridorlist.productlist_1.thumbnailproduct_0.addproducttobasket/57180?t:ac=431977"><span>Ajouter au panier</span></a><a id="addProductToShoppingList_51" onclick="javascript:Tapestry.waitForPage(event);" title="Ajouter à ma liste" class="bt-produit-ajout-liste" href="http://www.auchandirect.fr/rayon.productgridorlist.productlist_1.thumbnailproduct_0.addproducttoshoppinglist/57180?t:ac=431977">Ajouter à ma liste</a></div><div class="infos-produit-1"><div class="prix-actuel"><span>8.70€</span></div></div><div class="infos-produit-2"><a title="Voir le produit" href="http://www.auchandirect.fr/marché/boucherie---volaille/foie-de-veau/id1/460/57180"><h2>VEAU</h2><h4>Foie de veau</h4><h4></h4><p>
300 g
<br/>
29.00€/kg
</p></a></div><div class="mini_picto_bas"><!-- FIXME IDEM --><span class="com.atosworldline.ri.auchan.direct.front.tapestry.data.multimedia.Picture@7cbbfbd1 pictoListing txtImg">XXXXX</span><!-- FIXME IDEM --><span class="com.atosworldline.ri.auchan.direct.front.tapestry.data.multimedia.Picture@19919651 pictoListing txtImg">XXXXX</span></div></div></div></td><td><!-- PL : ici --><div class="bloc-produit "><div class="bloc-produit-content   "><a title="Voir le produit" href="http://www.auchandirect.fr/marché/boucherie---volaille/epaule/bas-de-carré/id1/460/57173"><img src="http://www.auchandirect.fr/static/images/products/line/57173.jpg" alt="" class="produit "/></a><div class="picto"><span class="invisible"></span></div><div class="boutons-produit"><a id="addProductToBasket_43" onclick="javascript:Tapestry.waitForPage(event);" title="Ajouter au panier" class="bt-produit-ajout-panier" href="http://www.auchandirect.fr/rayon.productgridorlist.productlist_1.thumbnailproduct_0.addproducttobasket/57173?t:ac=431977"><span>Ajouter au panier</span></a><a id="addProductToShoppingList_52" onclick="javascript:Tapestry.waitForPage(event);" title="Ajouter à ma liste" class="bt-produit-ajout-liste" href="http://www.auchandirect.fr/rayon.productgridorlist.productlist_1.thumbnailproduct_0.addproducttoshoppinglist/57173?t:ac=431977">Ajouter à ma liste</a></div><div class="infos-produit-1"><div class="prix-actuel"><span>19.60€</span></div></div><div class="infos-produit-2"><a title="Voir le produit" href="http://www.auchandirect.fr/marché/boucherie---volaille/epaule/bas-de-carré/id1/460/57173"><h2>VEAU</h2><h4>Epaule/bas de carré</h4><h4>Rôti cocotte épaule/bas de carré</h4><p>
1 kg
<br/>
19.60€/kg
</p></a></div><div class="mini_picto_bas"><!-- FIXME IDEM --><span class="com.atosworldline.ri.auchan.direct.front.tapestry.data.multimedia.Picture@649fb811 pictoListing txtImg">XXXXX</span><!-- FIXME IDEM --><span class="com.atosworldline.ri.auchan.direct.front.tapestry.data.multimedia.Picture@31ed97b3 pictoListing txtImg">XXXXX</span></div></div></div></td></tr><tr><td><!-- PL : ici --><div class="bloc-produit "><div class="bloc-produit-content   "><a title="Voir le produit" href="http://www.auchandirect.fr/marché/boucherie---volaille/blancs-de-poulet-entiers/id1/460/57189"><img src="http://www.auchandirect.fr/static/images/products/line/57189.jpg" alt="" class="produit "/></a><div class="picto"><span class="invisible"></span></div><div class="boutons-produit"><a id="addProductToBasket_44" onclick="javascript:Tapestry.waitForPage(event);" title="Ajouter au panier" class="bt-produit-ajout-panier" href="http://www.auchandirect.fr/rayon.productgridorlist.productlist_1.thumbnailproduct_0.addproducttobasket/57189?t:ac=431977"><span>Ajouter au panier</span></a><a id="addProductToShoppingList_53" onclick="javascript:Tapestry.waitForPage(event);" title="Ajouter à ma liste" class="bt-produit-ajout-liste" href="http://www.auchandirect.fr/rayon.productgridorlist.productlist_1.thumbnailproduct_0.addproducttoshoppinglist/57189?t:ac=431977">Ajouter à ma liste</a></div><div class="infos-produit-1"><div class="prix-actuel"><span>10.80€</span></div></div><div class="infos-produit-2"><a title="Voir le produit" href="http://www.auchandirect.fr/marché/boucherie---volaille/blancs-de-poulet-entiers/id1/460/57189"><h2>VOLAILLE</h2><h4>Blancs de poulet entiers</h4><h4></h4><p>
1 kg
<br/>
10.80€/kg
</p></a></div><div class="mini_picto_bas"><!-- FIXME IDEM --><span class="com.atosworldline.ri.auchan.direct.front.tapestry.data.multimedia.Picture@1ed9781 pictoListing txtImg">XXXXX</span><!-- FIXME IDEM --><span class="com.atosworldline.ri.auchan.direct.front.tapestry.data.multimedia.Picture@15759724 pictoListing txtImg">XXXXX</span></div></div></div></td><td><!-- PL : ici --><div class="bloc-produit "><div class="bloc-produit-content   "><a title="Voir le produit" href="http://www.auchandirect.fr/marché/boucherie---volaille/cuisses-de-poulet-fermier-label-rouge/id1/460/57501"><img src="http://www.auchandirect.fr/static/images/products/line/57501.jpg" alt="" class="produit "/></a><div class="picto"><span class="invisible"></span></div><div class="boutons-produit"><a id="addProductToBasket_45" onclick="javascript:Tapestry.waitForPage(event);" title="Ajouter au panier" class="bt-produit-ajout-panier" href="http://www.auchandirect.fr/rayon.productgridorlist.productlist_1.thumbnailproduct_0.addproducttobasket/57501?t:ac=431977"><span>Ajouter au panier</span></a><a id="addProductToShoppingList_54" onclick="javascript:Tapestry.waitForPage(event);" title="Ajouter à ma liste" class="bt-produit-ajout-liste" href="http://www.auchandirect.fr/rayon.productgridorlist.productlist_1.thumbnailproduct_0.addproducttoshoppinglist/57501?t:ac=431977">Ajouter à ma liste</a></div><div class="infos-produit-1"><div class="prix-actuel"><span>5.57€</span></div></div><div class="infos-produit-2"><a title="Voir le produit" href="http://www.auchandirect.fr/marché/boucherie---volaille/cuisses-de-poulet-fermier-label-rouge/id1/460/57501"><h2>VOLAILLE</h2><h4>Cuisses de poulet fermier Label Rouge</h4><h4>Cuisse poulet 2 x 240 g</h4><p>
2 x 240 g
<br/>
11.60€/kg
</p></a></div><div class="mini_picto_bas"><!-- FIXME IDEM --><span class="com.atosworldline.ri.auchan.direct.front.tapestry.data.multimedia.Picture@72dc0e42 pictoListing txtImg">XXXXX</span><!-- FIXME IDEM --><span class="com.atosworldline.ri.auchan.direct.front.tapestry.data.multimedia.Picture@4d2c49f7 pictoListing txtImg">XXXXX</span><!-- FIXME IDEM --><span class="com.atosworldline.ri.auchan.direct.front.tapestry.data.multimedia.Picture@16ac1eb6 pictoListing txtImg">XXXXX</span></div></div></div></td><td><!-- PL : ici --><div class="bloc-produit  bientot-dispo"><div class="bloc-produit-content   "><a title="Voir le produit" href="http://www.auchandirect.fr/marché/boucherie---volaille/escalope-de-poulet-x-2/id1/460/57193"><img src="http://www.auchandirect.fr/static/images/products/line/57193.jpg" alt="" class="produit "/></a><div class="picto"><span class="invisible"></span></div><div class="boutons-produit"><a class="bt-produit-ajout-panier disable" title="Bientôt disponible" href="javascript:void(0)"><span>Bientôt disponible</span></a><a id="addProductToShoppingList_55" onclick="javascript:Tapestry.waitForPage(event);" title="Ajouter à ma liste" class="bt-produit-ajout-liste" href="http://www.auchandirect.fr/rayon.productgridorlist.productlist_1.thumbnailproduct_0.addproducttoshoppinglist/57193?t:ac=431977">Ajouter à ma liste</a></div><div class="infos-produit-1"><div class="prix-actuel"><span>3.81€</span></div></div><div class="infos-produit-2"><a title="Voir le produit" href="http://www.auchandirect.fr/marché/boucherie---volaille/escalope-de-poulet-x-2/id1/460/57193"><h2>VOLAILLE</h2><h4>Escalope de poulet x 2</h4><h4></h4><p>
280 g
<br/>
13.61€/kg
</p></a></div><div class="mini_picto_bas"><!-- FIXME IDEM --><span class="com.atosworldline.ri.auchan.direct.front.tapestry.data.multimedia.Picture@6dd9d7b9 pictoListing txtImg">XXXXX</span><!-- FIXME IDEM --><span class="com.atosworldline.ri.auchan.direct.front.tapestry.data.multimedia.Picture@78e1eb06 pictoListing txtImg">XXXXX</span></div></div></div></td></tr><tr><td><!-- PL : ici --><div class="bloc-produit "><div class="bloc-produit-content   "><a title="Voir le produit" href="http://www.auchandirect.fr/marché/boucherie---volaille/pilons-de-poulet/id1/460/57197"><img src="http://www.auchandirect.fr/static/images/products/line/57197.jpg" alt="" class="produit "/></a><div class="picto"><span class="invisible"></span></div><div class="boutons-produit"><a id="addProductToBasket_46" onclick="javascript:Tapestry.waitForPage(event);" title="Ajouter au panier" class="bt-produit-ajout-panier" href="http://www.auchandirect.fr/rayon.productgridorlist.productlist_1.thumbnailproduct_0.addproducttobasket/57197?t:ac=431977"><span>Ajouter au panier</span></a><a id="addProductToShoppingList_56" onclick="javascript:Tapestry.waitForPage(event);" title="Ajouter à ma liste" class="bt-produit-ajout-liste" href="http://www.auchandirect.fr/rayon.productgridorlist.productlist_1.thumbnailproduct_0.addproducttoshoppinglist/57197?t:ac=431977">Ajouter à ma liste</a></div><div class="infos-produit-1"><div class="prix-actuel"><span>3.20€</span></div></div><div class="infos-produit-2"><a title="Voir le produit" href="http://www.auchandirect.fr/marché/boucherie---volaille/pilons-de-poulet/id1/460/57197"><h2>VOLAILLE</h2><h4>Pilons de poulet</h4><h4></h4><p>
380 g
<br/>
8.42€/kg
</p></a></div><div class="mini_picto_bas"><!-- FIXME IDEM --><span class="com.atosworldline.ri.auchan.direct.front.tapestry.data.multimedia.Picture@173e9d4e pictoListing txtImg">XXXXX</span><!-- FIXME IDEM --><span class="com.atosworldline.ri.auchan.direct.front.tapestry.data.multimedia.Picture@fc977ce pictoListing txtImg">XXXXX</span></div></div></div></td><td><!-- PL : ici --><div class="bloc-produit  bientot-dispo"><div class="bloc-produit-content   "><a title="Voir le produit" href="http://www.auchandirect.fr/marché/boucherie---volaille/escalope-de-dinde-x-2/id1/460/57192"><img src="http://www.auchandirect.fr/static/images/products/line/57192.jpg" alt="" class="produit "/></a><div class="picto"><span class="invisible"></span></div><div class="boutons-produit"><a class="bt-produit-ajout-panier disable" title="Bientôt disponible" href="javascript:void(0)"><span>Bientôt disponible</span></a><a id="addProductToShoppingList_57" onclick="javascript:Tapestry.waitForPage(event);" title="Ajouter à ma liste" class="bt-produit-ajout-liste" href="http://www.auchandirect.fr/rayon.productgridorlist.productlist_1.thumbnailproduct_0.addproducttoshoppinglist/57192?t:ac=431977">Ajouter à ma liste</a></div><div class="infos-produit-1"><div class="prix-actuel"><span>3.81€</span></div></div><div class="infos-produit-2"><a title="Voir le produit" href="http://www.auchandirect.fr/marché/boucherie---volaille/escalope-de-dinde-x-2/id1/460/57192"><h2>VOLAILLE</h2><h4>Escalope de dinde x 2</h4><h4></h4><p>
280 g
<br/>
13.61€/kg
</p></a></div><div class="mini_picto_bas"><!-- FIXME IDEM --><span class="com.atosworldline.ri.auchan.direct.front.tapestry.data.multimedia.Picture@708eee78 pictoListing txtImg">XXXXX</span><!-- FIXME IDEM --><span class="com.atosworldline.ri.auchan.direct.front.tapestry.data.multimedia.Picture@37ca4203 pictoListing txtImg">XXXXX</span></div></div></div></td><td><!-- PL : ici --><div class="bloc-produit "><div class="bloc-produit-content   "><a title="Voir le produit" href="http://www.auchandirect.fr/marché/boucherie---volaille/filet-de-dinde-entier/id1/460/57194"><img src="http://www.auchandirect.fr/static/images/products/line/57194.jpg" alt="" class="produit "/></a><div class="picto"><span class="invisible"></span></div><div class="boutons-produit"><a id="addProductToBasket_47" onclick="javascript:Tapestry.waitForPage(event);" title="Ajouter au panier" class="bt-produit-ajout-panier" href="http://www.auchandirect.fr/rayon.productgridorlist.productlist_1.thumbnailproduct_0.addproducttobasket/57194?t:ac=431977"><span>Ajouter au panier</span></a><a id="addProductToShoppingList_58" onclick="javascript:Tapestry.waitForPage(event);" title="Ajouter à ma liste" class="bt-produit-ajout-liste" href="http://www.auchandirect.fr/rayon.productgridorlist.productlist_1.thumbnailproduct_0.addproducttoshoppinglist/57194?t:ac=431977">Ajouter à ma liste</a></div><div class="infos-produit-1"><div class="prix-actuel"><span>10.80€</span></div></div><div class="infos-produit-2"><a title="Voir le produit" href="http://www.auchandirect.fr/marché/boucherie---volaille/filet-de-dinde-entier/id1/460/57194"><h2>VOLAILLE</h2><h4>Filet de dinde entier</h4><h4></h4><p>
1 kg
<br/>
10.80€/kg
</p></a></div><div class="mini_picto_bas"><!-- FIXME IDEM --><span class="com.atosworldline.ri.auchan.direct.front.tapestry.data.multimedia.Picture@3e835b9f pictoListing txtImg">XXXXX</span><!-- FIXME IDEM --><span class="com.atosworldline.ri.auchan.direct.front.tapestry.data.multimedia.Picture@21f443c9 pictoListing txtImg">XXXXX</span></div></div></div></td></tr><tr><td><!-- PL : ici --><div class="bloc-produit "><div class="bloc-produit-content   "><a title="Voir le produit" href="http://www.auchandirect.fr/marché/boucherie---volaille/rôti-de-dinde-filet/id1/460/57200"><img src="http://www.auchandirect.fr/static/images/products/line/57200.jpg" alt="" class="produit "/></a><div class="picto"><span class="invisible"></span></div><div class="boutons-produit"><a id="addProductToBasket_48" onclick="javascript:Tapestry.waitForPage(event);" title="Ajouter au panier" class="bt-produit-ajout-panier" href="http://www.auchandirect.fr/rayon.productgridorlist.productlist_1.thumbnailproduct_0.addproducttobasket/57200?t:ac=431977"><span>Ajouter au panier</span></a><a id="addProductToShoppingList_59" onclick="javascript:Tapestry.waitForPage(event);" title="Ajouter à ma liste" class="bt-produit-ajout-liste" href="http://www.auchandirect.fr/rayon.productgridorlist.productlist_1.thumbnailproduct_0.addproducttoshoppinglist/57200?t:ac=431977">Ajouter à ma liste</a></div><div class="infos-produit-1"><div class="prix-actuel"><span>11.80€</span></div></div><div class="infos-produit-2"><a title="Voir le produit" href="http://www.auchandirect.fr/marché/boucherie---volaille/rôti-de-dinde-filet/id1/460/57200"><h2>VOLAILLE</h2><h4>Rôti de dinde filet</h4><h4></h4><p>
1 kg
<br/>
11.80€/kg
</p></a></div><div class="mini_picto_bas"><!-- FIXME IDEM --><span class="com.atosworldline.ri.auchan.direct.front.tapestry.data.multimedia.Picture@4a0f0f44 pictoListing txtImg">XXXXX</span><!-- FIXME IDEM --><span class="com.atosworldline.ri.auchan.direct.front.tapestry.data.multimedia.Picture@22b35f58 pictoListing txtImg">XXXXX</span></div></div></div></td><td><!-- PL : ici --><div class="bloc-produit  bientot-dispo"><div class="bloc-produit-content   "><a title="Voir le produit" href="http://www.auchandirect.fr/marché/boucherie---volaille/morceaux-avec-os/id1/460/57928"><img src="http://www.auchandirect.fr/static/images/products/line/57928.jpg" alt="" class="produit "/></a><div class="picto"><span class="invisible"></span></div><div class="boutons-produit"><a class="bt-produit-ajout-panier disable" title="Bientôt disponible" href="javascript:void(0)"><span>Bientôt disponible</span></a><a id="addProductToShoppingList_60" onclick="javascript:Tapestry.waitForPage(event);" title="Ajouter à ma liste" class="bt-produit-ajout-liste" href="http://www.auchandirect.fr/rayon.productgridorlist.productlist_1.thumbnailproduct_0.addproducttoshoppinglist/57928?t:ac=431977">Ajouter à ma liste</a></div><div class="infos-produit-1"><div class="prix-actuel"><span>4.50€</span></div></div><div class="infos-produit-2"><a title="Voir le produit" href="http://www.auchandirect.fr/marché/boucherie---volaille/morceaux-avec-os/id1/460/57928"><h2>VOLAILLE</h2><h4>Morceaux avec os</h4><h4>Blanquette de dinde</h4><p>
1 kg
<br/>
4.50€/kg
</p></a></div><div class="mini_picto_bas"><!-- FIXME IDEM --><span class="com.atosworldline.ri.auchan.direct.front.tapestry.data.multimedia.Picture@3efc8553 pictoListing txtImg">XXXXX</span><!-- FIXME IDEM --><span class="com.atosworldline.ri.auchan.direct.front.tapestry.data.multimedia.Picture@34952c73 pictoListing txtImg">XXXXX</span></div></div></div></td><td><!-- PL : ici --><div class="bloc-produit  bientot-dispo"><div class="bloc-produit-content   "><a title="Voir le produit" href="http://www.auchandirect.fr/marché/boucherie---volaille/cuisse-de-canard/id1/460/57191"><img src="http://www.auchandirect.fr/static/images/products/line/57191.jpg" alt="" class="produit "/></a><div class="picto"><span class="invisible"></span></div><div class="boutons-produit"><a class="bt-produit-ajout-panier disable" title="Bientôt disponible" href="javascript:void(0)"><span>Bientôt disponible</span></a><a id="addProductToShoppingList_61" onclick="javascript:Tapestry.waitForPage(event);" title="Ajouter à ma liste" class="bt-produit-ajout-liste" href="http://www.auchandirect.fr/rayon.productgridorlist.productlist_1.thumbnailproduct_0.addproducttoshoppinglist/57191?t:ac=431977">Ajouter à ma liste</a></div><div class="infos-produit-1"><div class="prix-actuel"><span>10.80€</span></div></div><div class="infos-produit-2"><a title="Voir le produit" href="http://www.auchandirect.fr/marché/boucherie---volaille/cuisse-de-canard/id1/460/57191"><h2>VOLAILLE</h2><h4>Cuisse de canard</h4><h4></h4><p>
3 pièces
<br/>
3.60€/pièce
</p></a></div><div class="mini_picto_bas"><!-- FIXME IDEM --><span class="com.atosworldline.ri.auchan.direct.front.tapestry.data.multimedia.Picture@8d7381 pictoListing txtImg">XXXXX</span><!-- FIXME IDEM --><span class="com.atosworldline.ri.auchan.direct.front.tapestry.data.multimedia.Picture@469a1a6f pictoListing txtImg">XXXXX</span></div></div></div></td></tr><tr><td><!-- PL : ici --><div class="bloc-produit "><div class="bloc-produit-content   "><a title="Voir le produit" href="http://www.auchandirect.fr/charcuterie-traiteur/traiteur/cordons-bleus-de-volaille/id1/465/57930"><img src="http://www.auchandirect.fr/static/images/products/line/57930.jpg" alt="" class="produit "/></a><div class="picto"><span class="invisible"></span></div><div class="boutons-produit"><a id="addProductToBasket_49" onclick="javascript:Tapestry.waitForPage(event);" title="Ajouter au panier" class="bt-produit-ajout-panier" href="http://www.auchandirect.fr/rayon.productgridorlist.productlist_1.thumbnailproduct_0.addproducttobasket/57930?t:ac=431977"><span>Ajouter au panier</span></a><a id="addProductToShoppingList_62" onclick="javascript:Tapestry.waitForPage(event);" title="Ajouter à ma liste" class="bt-produit-ajout-liste" href="http://www.auchandirect.fr/rayon.productgridorlist.productlist_1.thumbnailproduct_0.addproducttoshoppinglist/57930?t:ac=431977">Ajouter à ma liste</a></div><div class="infos-produit-1"><div class="prix-actuel"><span>2.20€</span></div></div><div class="infos-produit-2"><a title="Voir le produit" href="http://www.auchandirect.fr/charcuterie-traiteur/traiteur/cordons-bleus-de-volaille/id1/465/57930"><h2>VOLAILLE</h2><h4>Cordons bleus de volaille</h4><h4></h4><p>
2 pièces
<br/>
1.10€/pièce
</p></a></div><div class="mini_picto_bas"><!-- FIXME IDEM --><span class="com.atosworldline.ri.auchan.direct.front.tapestry.data.multimedia.Picture@34030f9f pictoListing txtImg">XXXXX</span><!-- FIXME IDEM --><span class="com.atosworldline.ri.auchan.direct.front.tapestry.data.multimedia.Picture@34f6aa66 pictoListing txtImg">XXXXX</span></div></div></div></td><td><!-- PL : ici --><div class="bloc-produit "><div class="bloc-produit-content   "><a title="Voir le produit" href="http://www.auchandirect.fr/charcuterie-traiteur/traiteur/cordons-bleus/id1/465/57190"><img src="http://www.auchandirect.fr/static/images/products/line/57190.jpg" alt="" class="produit "/></a><div class="picto"><span class="invisible"></span></div><div class="boutons-produit"><a id="addProductToBasket_50" onclick="javascript:Tapestry.waitForPage(event);" title="Ajouter au panier" class="bt-produit-ajout-panier" href="http://www.auchandirect.fr/rayon.productgridorlist.productlist_1.thumbnailproduct_0.addproducttobasket/57190?t:ac=431977"><span>Ajouter au panier</span></a><a id="addProductToShoppingList_63" onclick="javascript:Tapestry.waitForPage(event);" title="Ajouter à ma liste" class="bt-produit-ajout-liste" href="http://www.auchandirect.fr/rayon.productgridorlist.productlist_1.thumbnailproduct_0.addproducttoshoppinglist/57190?t:ac=431977">Ajouter à ma liste</a></div><div class="infos-produit-1"><div class="prix-actuel"><span>9.00€</span></div></div><div class="infos-produit-2"><a title="Voir le produit" href="http://www.auchandirect.fr/charcuterie-traiteur/traiteur/cordons-bleus/id1/465/57190"><h2>VOLAILLE</h2><h4>Cordons bleus</h4><h4></h4><p>
10 pièces
<br/>
0.90€/pièce
</p></a></div><div class="mini_picto_bas"><!-- FIXME IDEM --><span class="com.atosworldline.ri.auchan.direct.front.tapestry.data.multimedia.Picture@acf0eae pictoListing txtImg">XXXXX</span><!-- FIXME IDEM --><span class="com.atosworldline.ri.auchan.direct.front.tapestry.data.multimedia.Picture@1fccc70d pictoListing txtImg">XXXXX</span></div></div></div></td><td></td></tr></table></div></div></div><!-- t:zone t:id="productListZone" t:update="show">
							<t:if test="specificCategory">
								<div id="${productListDivId}" class="liste clear-container">
									<bean t:type="products/lists/productList" categoryId="categoryId" products="products" listType="displayType" specifCategory="true" />
								</div>
							<p:else>
								<div id="${productListDivId}" class="liste clear-container">
									<bean t:type="products/lists/productList" categoryId="categoryId" products="products" listType="displayType" />
								</div>
							</p:else>
							</t:if>
						</t:zone --><!-- Bannière bas --><div class="zone-admin diff-zone"></div><!--  --><div class="clear-container" id="liste-produits-infos"><p>
Si vous avez des suggestions de produits,
<a id="suggestionPopup" onclick="javascript:Tapestry.waitForPage(event);" class="orange-link" shape="rect" href="http://www.auchandirect.fr/rayon.suggestionpopup?t:ac=431977">dites-le nous !</a><span class="backtotop"><a shape="rect" href="431977.html#top">Retour en haut de page</a></span></p></div></div><div style="position: relative" class="right-content"><div style="position: relative" id="wrapper_for_fixed_content"><!-- <div id="wrapper_for_fixed_content" xmlns:t="http://tapestry.apache.org/schema/tapestry_5_1_0.xsd" xmlns:p="tapestry:parameter"> --><div id="tout-en-un-client"><div class="item first" id="tout-en-un-compte"><h3>Mon Compte</h3><p><a id="eventlink" onclick="javascript:Tapestry.waitForPage(event);" href="http://www.auchandirect.fr/rayon.customerinfos:showsigninpopup?t:ac=431977">Identifiez-vous</a><a> - </a><a id="registerPopup" onclick="javascript:Tapestry.waitForPage(event);" href="http://www.auchandirect.fr/rayon.customerinfos.registerpopup?t:ac=431977">Inscrivez-vous</a></p></div><div class="item" id="tout-en-un-commandes"><h3>Mes commandes</h3><p><a id="popupAuth" onclick="javascript:Tapestry.waitForPage(event);" href="http://www.auchandirect.fr/rayon.customerinfos.popupauth?t:ac=431977">Consultez vos commandes en cours et passées</a></p></div><div class="item" id="tout-en-un-livraison"><h3>
Ma livraison
</h3><p class="t-zone" id="slotInfoZone"><a id="showSlotTab" onclick="javascript:Tapestry.waitForPage(event);" href="http://www.auchandirect.fr/rayon.customerinfos.slotinfo.showslottab?t:ac=431977"><span class="item-texte">
Prochaine livraison possible
</span><span class="item-date">jeudi 28/03 entre 07h00 et 09h00</span></a></p></div><div class="t-zone" id="accountSummaryTabContentZone"><div id="onglets"><ul class="menu menu-horizontal tabs float-container"><li><a id="basket" onclick="javascript:Tapestry.waitForPage(event);" title="Mon panier" class="onglet-panier current" href="http://www.auchandirect.fr/rayon.customerinfos.basket?t:ac=431977"><span class="invisible">Mon panier</span></a></li><li><a id="lists" onclick="javascript:Tapestry.waitForPage(event);" title="Mes listes" class="onglet-listes " href="http://www.auchandirect.fr/rayon.customerinfos.lists?t:ac=431977"><span class="invisible">Mes listes</span></a></li><li><a id="topBasket" onclick="javascript:Tapestry.waitForPage(event);" title="Lancer mon top panier" class="onglet-top-panier " href="http://www.auchandirect.fr/rayon.customerinfos.topbasket?t:ac=431977"><span class="invisible">Mon top panier</span></a></li></ul><div class="panes"><div class="item" id="panel-panier"><div class="t-zone" id="completeMiniBasketZone"><div class="t-zone" id="miniBasket"><p>Votre panier est vide</p><ul class="menu menu-horizontal"><li><a title="Voir le détails de votre panier" class="panier-bt-voir" href="../../../../monpanier.html"></a></li></ul></div><div class="bouton-right-container"><div class="container-bouton-type1"><a id="validateBasket" onclick="javascript:Tapestry.waitForPage(event);" class="bouton-type1" href="http://www.auchandirect.fr/rayon.customerinfos.minibasket.validatebasket?t:ac=431977">
Valider mon panier
</a></div></div><div class="clear"></div></div></div></div></div></div></div><!-- </div> --><!-- <bean t:type="misc/commitment/expandedCommitment" /> --></div></div></div></div><!-- div class="float-container" id="footer-menu-annexe" xmlns:t="http://tapestry.apache.org/schema/tapestry_5_1_0.xsd">
	<ul class="menu menu-horizontal">
		<li>
			<t:pagelink t:page="apropos/engagement">
				<t:outputraw value="message:link.engagement.lbl" />
			</t:pagelink>
		</li>
		<li>
			<t:pagelink t:page="apropos/contact">
				<t:outputraw value="message:link.contact.lbl" />
			</t:pagelink>
		</li>
		<li>
			<t:pagelink t:page="apropos/faq">
				<t:outputraw value="message:link.faq.lbl" />
			</t:pagelink>
		</li>
		<li>
			<t:pagelink t:page="apropos/cgv">
				<t:outputraw value="message:link.cgv.lbl" />
			</t:pagelink>
		</li>
		<li>
			<t:pagelink t:page="apropos/operations">
				<t:outputraw value="message:link.operations.lbl" />
			</t:pagelink>
		</li>
		<li>
			<t:pagelink t:page="apropos/legal">
				<t:outputraw value="message:link.legal.lbl" />
			</t:pagelink>
		</li>
	</ul>
</div --><div id="footer-menu-annexe" class="float-container">
<ul class="menu menu-horizontal">
	<li><a href="http://www.auchandirect.fr/apropos/engagement">Engagements</a></li>
	<li><a href="http://www.auchandirect.fr/apropos/contact">Contactez-nous</a></li>
	<li><a href="http://www.auchandirect.fr/apropos/faq">FAQ</a></li>
	<li><a href="http://www.auchandirect.fr/apropos/cgv">Conditions g&eacute;n&eacute;rales de vente</a></li>
	<li><a href="http://www.auchandirect.fr/apropos/operations">Op&eacute;rations commerciales</a></li>
	<li><a href="http://www.auchandirect.fr/apropos/legal">Mentions l&eacute;gales</a></li>
	<li><a href="../../../../actu.html">Actualit&eacute;s</a> </li>
</ul>
</div>
<!-- div class="float-container" id="footer-infos" xmlns:t="http://tapestry.apache.org/schema/tapestry_5_1_0.xsd">
	<div id="info-facebook">
		<a href="http://www.facebook.com/Auchandirect.fr" target="_blank">
			<img width="26" height="26" alt="${message:facebook.img.alt}" src="/static/images/icone-facebook.png" />
		</a>
		<a href="http://www.facebook.com/Auchandirect.fr" target="_blank">	
			<span><t:outputraw value="message:facebook.fan.lbl" /></span>
		</a>
	</div>
	<div id="infos-contact">
		<div id="infos-contact-titre">
			<t:outputraw value="message:info.contact.lbl" />
		</div>
		<div id="infos-contact-tel">
			<t:outputraw value="message:info.phone.lbl" />
		</div>
		<div id="infos-contact-mail">
			<t:outputraw value="message:info.mail.lbl" />
		</div>
		<div id="eco-responsable">
			<img src="/static/images/picto-carton.png" width="142" height="126" alt="${message:eco.resp.alt}" />
		</div>
	</div>
</div --><div id="footer-infos" class="float-container">
<div id="info-facebook">
<a href="http://www.facebook.com/Auchandirect.fr" target="_blank"><img src="http://www.auchandirect.fr/static/images/icone-facebook.png" alt="auchandirect sur facebook" width="26" height="26" /></a><a href="http://www.facebook.com/Auchandirect.fr" target="_blank"><span>Devenez fan !</span></a>
</div>
<div id="infos-contact">
<div id="infos-contact-titre">
Contactez votre service client :
</div>
<div id="infos-contact-tel">
<strong>Par t&eacute;l&eacute;phone : 09 69 39 19 69 </strong>Du lundi au vendredi de 8H &agrave; 22H et le samedi de 9H &agrave; 18H (Appel non surtax&eacute;)
</div>
<div id="infos-contact-mail">
<strong>Par email : <a href="mailto:client@auchandirect.fr">client@auchandirect.fr</a></strong>
</div>
<div id="eco-responsable">
<img src="http://www.auchandirect.fr/static/images/picto-carton.png" alt="eco-responsable" width="142" height="126" />
</div>
</div>
</div>
</div><div><a onclick="javascript:Tapestry.waitForPage(event);" id="closeButtonHk" href="http://www.auchandirect.fr/rayon.pagetemplate.fancycloseprovidergabarit.closebuttonhk?t:ac=431977"></a></div><div class="t-zone" id="popupZone"></div><div class="t-zone" id="secondPopupZone"></div><div class="t-zone" id="closePopupZone"></div><a style="display:none;" id="showPopupLink" href="431977.html#popupContent" class="fancylink"></a><div style="display:none"><div class="t-zone" id="forceAjax"></div></div><script type="text/javascript">
var gaJsHost = (("https:" == document.location.protocol) ? "https://ssl." : "http://www.");
document.write(unescape("%3Cscript src='" + gaJsHost + "google-analytics.com/ga.js' type='text/javascript'%3E%3C/script%3E"));
</script><script type="text/javascript">
var pageTracker = _gat._getTracker("UA-3062526-1");
pageTracker._initData();
pageTracker._trackPageview();
pageTracker._trackPageLoadTime();
</script><script src="http://www.auchandirect.fr/assets/ctx/296dafb4649acaf9/static/scripts/adi_all.js" type="text/javascript"></script><script src="http://www.auchandirect.fr/assets/ctx/296dafb4649acaf9/static/scripts/atos-fancy-fix.js" type="text/javascript"></script><script src="http://www.auchandirect.fr/assets/ctx/296dafb4649acaf9/static/fancybox/jquery.fancybox-1.3.4.js" type="text/javascript"></script><div id="endpiejs"></div><script type="text/javascript">Tapestry.onDOMLoaded(function() {
Tapestry.init({"popup":[[]],"linkZone":[["newsLetterPopup","forceAjax","/rayon.pagetemplate.header.headertop.newsletterpopup?t:ac=431977"],["sortForm","productListZone","/rayon.productgridorlist.sortform"],["list","productListZone","/rayon.productgridorlist.list?t:ac=431977"],["thumbnail","productListZone","/rayon.productgridorlist.thumbnail?t:ac=431977"],["viewSubCatPgol","labelZone","/rayon.productgridorlist.viewsubcatpgol/432864?t:ac=431977"],["viewSubCatPgol_0","labelZone","/rayon.productgridorlist.viewsubcatpgol/432865?t:ac=431977"],["viewSubCatPgol_1","labelZone","/rayon.productgridorlist.viewsubcatpgol/432866?t:ac=431977"],["viewSubCatPgol_2","labelZone","/rayon.productgridorlist.viewsubcatpgol/432867?t:ac=431977"],["viewAllBrands","labelZone","/rayon.productgridorlist.viewallbrands?t:ac=431977"],["addProductToBasket","forceAjax","/rayon.productgridorlist.productlist_1.thumbnailproduct_0.addproducttobasket/57202?t:ac=431977"],["addProductToShoppingList","forceAjax","/rayon.productgridorlist.productlist_1.thumbnailproduct_0.addproducttoshoppinglist/57202?t:ac=431977"],["addProductToBasket_0","forceAjax","/rayon.productgridorlist.productlist_1.thumbnailproduct_0.addproducttobasket/57201?t:ac=431977"],["addProductToShoppingList_0","forceAjax","/rayon.productgridorlist.productlist_1.thumbnailproduct_0.addproducttoshoppinglist/57201?t:ac=431977"],["addProductToBasket_1","forceAjax","/rayon.productgridorlist.productlist_1.thumbnailproduct_0.addproducttobasket/57215?t:ac=431977"],["addProductToShoppingList_1","forceAjax","/rayon.productgridorlist.productlist_1.thumbnailproduct_0.addproducttoshoppinglist/57215?t:ac=431977"],["addProductToBasket_2","forceAjax","/rayon.productgridorlist.productlist_1.thumbnailproduct_0.addproducttobasket/57207?t:ac=431977"],["addProductToShoppingList_2","forceAjax","/rayon.productgridorlist.productlist_1.thumbnailproduct_0.addproducttoshoppinglist/57207?t:ac=431977"],["addProductToBasket_3","forceAjax","/rayon.productgridorlist.productlist_1.thumbnailproduct_0.addproducttobasket/57211?t:ac=431977"],["addProductToShoppingList_3","forceAjax","/rayon.productgridorlist.productlist_1.thumbnailproduct_0.addproducttoshoppinglist/57211?t:ac=431977"],["addProductToBasket_4","forceAjax","/rayon.productgridorlist.productlist_1.thumbnailproduct_0.addproducttobasket/57213?t:ac=431977"],["addProductToShoppingList_4","forceAjax","/rayon.productgridorlist.productlist_1.thumbnailproduct_0.addproducttoshoppinglist/57213?t:ac=431977"],["addProductToBasket_5","forceAjax","/rayon.productgridorlist.productlist_1.thumbnailproduct_0.addproducttobasket/57210?t:ac=431977"],["addProductToShoppingList_5","forceAjax","/rayon.productgridorlist.productlist_1.thumbnailproduct_0.addproducttoshoppinglist/57210?t:ac=431977"],["addProductToShoppingList_6","forceAjax","/rayon.productgridorlist.productlist_1.thumbnailproduct_0.addproducttoshoppinglist/57206?t:ac=431977"],["addProductToBasket_6","forceAjax","/rayon.productgridorlist.productlist_1.thumbnailproduct_0.addproducttobasket/57499?t:ac=431977"],["addProductToShoppingList_7","forceAjax","/rayon.productgridorlist.productlist_1.thumbnailproduct_0.addproducttoshoppinglist/57499?t:ac=431977"],["addProductToBasket_7","forceAjax","/rayon.productgridorlist.productlist_1.thumbnailproduct_0.addproducttobasket/57022?t:ac=431977"],["addProductToShoppingList_8","forceAjax","/rayon.productgridorlist.productlist_1.thumbnailproduct_0.addproducttoshoppinglist/57022?t:ac=431977"],["addProductToBasket_8","forceAjax","/rayon.productgridorlist.productlist_1.thumbnailproduct_0.addproducttobasket/57041?t:ac=431977"],["addProductToShoppingList_9","forceAjax","/rayon.productgridorlist.productlist_1.thumbnailproduct_0.addproducttoshoppinglist/57041?t:ac=431977"],["addProductToBasket_9","forceAjax","/rayon.productgridorlist.productlist_1.thumbnailproduct_0.addproducttobasket/57030?t:ac=431977"],["addProductToShoppingList_10","forceAjax","/rayon.productgridorlist.productlist_1.thumbnailproduct_0.addproducttoshoppinglist/57030?t:ac=431977"],["addProductToShoppingList_11","forceAjax","/rayon.productgridorlist.productlist_1.thumbnailproduct_0.addproducttoshoppinglist/57034?t:ac=431977"],["addProductToBasket_10","forceAjax","/rayon.productgridorlist.productlist_1.thumbnailproduct_0.addproducttobasket/57048?t:ac=431977"],["addProductToShoppingList_12","forceAjax","/rayon.productgridorlist.productlist_1.thumbnailproduct_0.addproducttoshoppinglist/57048?t:ac=431977"],["addProductToBasket_11","forceAjax","/rayon.productgridorlist.productlist_1.thumbnailproduct_0.addproducttobasket/57038?t:ac=431977"],["addProductToShoppingList_13","forceAjax","/rayon.productgridorlist.productlist_1.thumbnailproduct_0.addproducttoshoppinglist/57038?t:ac=431977"],["addProductToBasket_12","forceAjax","/rayon.productgridorlist.productlist_1.thumbnailproduct_0.addproducttobasket/57024?t:ac=431977"],["addProductToShoppingList_14","forceAjax","/rayon.productgridorlist.productlist_1.thumbnailproduct_0.addproducttoshoppinglist/57024?t:ac=431977"],["addProductToBasket_13","forceAjax","/rayon.productgridorlist.productlist_1.thumbnailproduct_0.addproducttobasket/57021?t:ac=431977"],["addProductToShoppingList_15","forceAjax","/rayon.productgridorlist.productlist_1.thumbnailproduct_0.addproducttoshoppinglist/57021?t:ac=431977"],["addProductToBasket_14","forceAjax","/rayon.productgridorlist.productlist_1.thumbnailproduct_0.addproducttobasket/57043?t:ac=431977"],["addProductToShoppingList_16","forceAjax","/rayon.productgridorlist.productlist_1.thumbnailproduct_0.addproducttoshoppinglist/57043?t:ac=431977"],["addProductToBasket_15","forceAjax","/rayon.productgridorlist.productlist_1.thumbnailproduct_0.addproducttobasket/57036?t:ac=431977"],["addProductToShoppingList_17","forceAjax","/rayon.productgridorlist.productlist_1.thumbnailproduct_0.addproducttoshoppinglist/57036?t:ac=431977"],["addProductToBasket_16","forceAjax","/rayon.productgridorlist.productlist_1.thumbnailproduct_0.addproducttobasket/57053?t:ac=431977"],["addProductToShoppingList_18","forceAjax","/rayon.productgridorlist.productlist_1.thumbnailproduct_0.addproducttoshoppinglist/57053?t:ac=431977"],["addProductToBasket_17","forceAjax","/rayon.productgridorlist.productlist_1.thumbnailproduct_0.addproducttobasket/57018?t:ac=431977"],["addProductToShoppingList_19","forceAjax","/rayon.productgridorlist.productlist_1.thumbnailproduct_0.addproducttoshoppinglist/57018?t:ac=431977"],["addProductToBasket_18","forceAjax","/rayon.productgridorlist.productlist_1.thumbnailproduct_0.addproducttobasket/57028?t:ac=431977"],["addProductToShoppingList_20","forceAjax","/rayon.productgridorlist.productlist_1.thumbnailproduct_0.addproducttoshoppinglist/57028?t:ac=431977"],["addProductToBasket_19","forceAjax","/rayon.productgridorlist.productlist_1.thumbnailproduct_0.addproducttobasket/57045?t:ac=431977"],["addProductToShoppingList_21","forceAjax","/rayon.productgridorlist.productlist_1.thumbnailproduct_0.addproducttoshoppinglist/57045?t:ac=431977"],["addProductToBasket_20","forceAjax","/rayon.productgridorlist.productlist_1.thumbnailproduct_0.addproducttobasket/57052?t:ac=431977"],["addProductToShoppingList_22","forceAjax","/rayon.productgridorlist.productlist_1.thumbnailproduct_0.addproducttoshoppinglist/57052?t:ac=431977"],["addProductToBasket_21","forceAjax","/rayon.productgridorlist.productlist_1.thumbnailproduct_0.addproducttobasket/57050?t:ac=431977"],["addProductToShoppingList_23","forceAjax","/rayon.productgridorlist.productlist_1.thumbnailproduct_0.addproducttoshoppinglist/57050?t:ac=431977"],["addProductToBasket_22","forceAjax","/rayon.productgridorlist.productlist_1.thumbnailproduct_0.addproducttobasket/57083?t:ac=431977"],["addProductToShoppingList_24","forceAjax","/rayon.productgridorlist.productlist_1.thumbnailproduct_0.addproducttoshoppinglist/57083?t:ac=431977"],["addProductToShoppingList_25","forceAjax","/rayon.productgridorlist.productlist_1.thumbnailproduct_0.addproducttoshoppinglist/57067?t:ac=431977"],["addProductToBasket_23","forceAjax","/rayon.productgridorlist.productlist_1.thumbnailproduct_0.addproducttobasket/57071?t:ac=431977"],["addProductToShoppingList_26","forceAjax","/rayon.productgridorlist.productlist_1.thumbnailproduct_0.addproducttoshoppinglist/57071?t:ac=431977"],["addProductToBasket_24","forceAjax","/rayon.productgridorlist.productlist_1.thumbnailproduct_0.addproducttobasket/57077?t:ac=431977"],["addProductToShoppingList_27","forceAjax","/rayon.productgridorlist.productlist_1.thumbnailproduct_0.addproducttoshoppinglist/57077?t:ac=431977"],["addProductToBasket_25","forceAjax","/rayon.productgridorlist.productlist_1.thumbnailproduct_0.addproducttobasket/57065?t:ac=431977"],["addProductToShoppingList_28","forceAjax","/rayon.productgridorlist.productlist_1.thumbnailproduct_0.addproducttoshoppinglist/57065?t:ac=431977"],["addProductToBasket_26","forceAjax","/rayon.productgridorlist.productlist_1.thumbnailproduct_0.addproducttobasket/57079?t:ac=431977"],["addProductToShoppingList_29","forceAjax","/rayon.productgridorlist.productlist_1.thumbnailproduct_0.addproducttoshoppinglist/57079?t:ac=431977"],["addProductToBasket_27","forceAjax","/rayon.productgridorlist.productlist_1.thumbnailproduct_0.addproducttobasket/57081?t:ac=431977"],["addProductToShoppingList_30","forceAjax","/rayon.productgridorlist.productlist_1.thumbnailproduct_0.addproducttoshoppinglist/57081?t:ac=431977"],["addProductToShoppingList_31","forceAjax","/rayon.productgridorlist.productlist_1.thumbnailproduct_0.addproducttoshoppinglist/60053?t:ac=431977"],["addProductToShoppingList_32","forceAjax","/rayon.productgridorlist.productlist_1.thumbnailproduct_0.addproducttoshoppinglist/60316?t:ac=431977"],["addProductToShoppingList_33","forceAjax","/rayon.productgridorlist.productlist_1.thumbnailproduct_0.addproducttoshoppinglist/60086?t:ac=431977"],["addProductToBasket_28","forceAjax","/rayon.productgridorlist.productlist_1.thumbnailproduct_0.addproducttobasket/58218?t:ac=431977"],["addProductToShoppingList_34","forceAjax","/rayon.productgridorlist.productlist_1.thumbnailproduct_0.addproducttoshoppinglist/58218?t:ac=431977"],["addProductToShoppingList_35","forceAjax","/rayon.productgridorlist.productlist_1.thumbnailproduct_0.addproducttoshoppinglist/58260?t:ac=431977"],["addProductToBasket_29","forceAjax","/rayon.productgridorlist.productlist_1.thumbnailproduct_0.addproducttobasket/58217?t:ac=431977"],["addProductToShoppingList_36","forceAjax","/rayon.productgridorlist.productlist_1.thumbnailproduct_0.addproducttoshoppinglist/58217?t:ac=431977"],["addProductToBasket_30","forceAjax","/rayon.productgridorlist.productlist_1.thumbnailproduct_0.addproducttobasket/58216?t:ac=431977"],["addProductToShoppingList_37","forceAjax","/rayon.productgridorlist.productlist_1.thumbnailproduct_0.addproducttoshoppinglist/58216?t:ac=431977"],["addProductToBasket_31","forceAjax","/rayon.productgridorlist.productlist_1.thumbnailproduct_0.addproducttobasket/58214?t:ac=431977"],["addProductToShoppingList_38","forceAjax","/rayon.productgridorlist.productlist_1.thumbnailproduct_0.addproducttoshoppinglist/58214?t:ac=431977"],["addProductToBasket_32","forceAjax","/rayon.productgridorlist.productlist_1.thumbnailproduct_0.addproducttobasket/58242?t:ac=431977"],["addProductToShoppingList_39","forceAjax","/rayon.productgridorlist.productlist_1.thumbnailproduct_0.addproducttoshoppinglist/58242?t:ac=431977"],["addProductToBasket_33","forceAjax","/rayon.productgridorlist.productlist_1.thumbnailproduct_0.addproducttobasket/58235?t:ac=431977"],["addProductToShoppingList_40","forceAjax","/rayon.productgridorlist.productlist_1.thumbnailproduct_0.addproducttoshoppinglist/58235?t:ac=431977"],["addProductToBasket_34","forceAjax","/rayon.productgridorlist.productlist_1.thumbnailproduct_0.addproducttobasket/58234?t:ac=431977"],["addProductToShoppingList_41","forceAjax","/rayon.productgridorlist.productlist_1.thumbnailproduct_0.addproducttoshoppinglist/58234?t:ac=431977"],["addProductToBasket_35","forceAjax","/rayon.productgridorlist.productlist_1.thumbnailproduct_0.addproducttobasket/58262?t:ac=431977"],["addProductToShoppingList_42","forceAjax","/rayon.productgridorlist.productlist_1.thumbnailproduct_0.addproducttoshoppinglist/58262?t:ac=431977"],["addProductToShoppingList_43","forceAjax","/rayon.productgridorlist.productlist_1.thumbnailproduct_0.addproducttoshoppinglist/60104?t:ac=431977"],["addProductToBasket_36","forceAjax","/rayon.productgridorlist.productlist_1.thumbnailproduct_0.addproducttobasket/57166?t:ac=431977"],["addProductToShoppingList_44","forceAjax","/rayon.productgridorlist.productlist_1.thumbnailproduct_0.addproducttoshoppinglist/57166?t:ac=431977"],["addProductToBasket_37","forceAjax","/rayon.productgridorlist.productlist_1.thumbnailproduct_0.addproducttobasket/57178?t:ac=431977"],["addProductToShoppingList_45","forceAjax","/rayon.productgridorlist.productlist_1.thumbnailproduct_0.addproducttoshoppinglist/57178?t:ac=431977"],["addProductToBasket_38","forceAjax","/rayon.productgridorlist.productlist_1.thumbnailproduct_0.addproducttobasket/57175?t:ac=431977"],["addProductToShoppingList_46","forceAjax","/rayon.productgridorlist.productlist_1.thumbnailproduct_0.addproducttoshoppinglist/57175?t:ac=431977"],["addProductToBasket_39","forceAjax","/rayon.productgridorlist.productlist_1.thumbnailproduct_0.addproducttobasket/57169?t:ac=431977"],["addProductToShoppingList_47","forceAjax","/rayon.productgridorlist.productlist_1.thumbnailproduct_0.addproducttoshoppinglist/57169?t:ac=431977"],["addProductToBasket_40","forceAjax","/rayon.productgridorlist.productlist_1.thumbnailproduct_0.addproducttobasket/57164?t:ac=431977"],["addProductToShoppingList_48","forceAjax","/rayon.productgridorlist.productlist_1.thumbnailproduct_0.addproducttoshoppinglist/57164?t:ac=431977"],["addProductToBasket_41","forceAjax","/rayon.productgridorlist.productlist_1.thumbnailproduct_0.addproducttobasket/57182?t:ac=431977"],["addProductToShoppingList_49","forceAjax","/rayon.productgridorlist.productlist_1.thumbnailproduct_0.addproducttoshoppinglist/57182?t:ac=431977"],["addProductToShoppingList_50","forceAjax","/rayon.productgridorlist.productlist_1.thumbnailproduct_0.addproducttoshoppinglist/57184?t:ac=431977"],["addProductToBasket_42","forceAjax","/rayon.productgridorlist.productlist_1.thumbnailproduct_0.addproducttobasket/57180?t:ac=431977"],["addProductToShoppingList_51","forceAjax","/rayon.productgridorlist.productlist_1.thumbnailproduct_0.addproducttoshoppinglist/57180?t:ac=431977"],["addProductToBasket_43","forceAjax","/rayon.productgridorlist.productlist_1.thumbnailproduct_0.addproducttobasket/57173?t:ac=431977"],["addProductToShoppingList_52","forceAjax","/rayon.productgridorlist.productlist_1.thumbnailproduct_0.addproducttoshoppinglist/57173?t:ac=431977"],["addProductToBasket_44","forceAjax","/rayon.productgridorlist.productlist_1.thumbnailproduct_0.addproducttobasket/57189?t:ac=431977"],["addProductToShoppingList_53","forceAjax","/rayon.productgridorlist.productlist_1.thumbnailproduct_0.addproducttoshoppinglist/57189?t:ac=431977"],["addProductToBasket_45","forceAjax","/rayon.productgridorlist.productlist_1.thumbnailproduct_0.addproducttobasket/57501?t:ac=431977"],["addProductToShoppingList_54","forceAjax","/rayon.productgridorlist.productlist_1.thumbnailproduct_0.addproducttoshoppinglist/57501?t:ac=431977"],["addProductToShoppingList_55","forceAjax","/rayon.productgridorlist.productlist_1.thumbnailproduct_0.addproducttoshoppinglist/57193?t:ac=431977"],["addProductToBasket_46","forceAjax","/rayon.productgridorlist.productlist_1.thumbnailproduct_0.addproducttobasket/57197?t:ac=431977"],["addProductToShoppingList_56","forceAjax","/rayon.productgridorlist.productlist_1.thumbnailproduct_0.addproducttoshoppinglist/57197?t:ac=431977"],["addProductToShoppingList_57","forceAjax","/rayon.productgridorlist.productlist_1.thumbnailproduct_0.addproducttoshoppinglist/57192?t:ac=431977"],["addProductToBasket_47","forceAjax","/rayon.productgridorlist.productlist_1.thumbnailproduct_0.addproducttobasket/57194?t:ac=431977"],["addProductToShoppingList_58","forceAjax","/rayon.productgridorlist.productlist_1.thumbnailproduct_0.addproducttoshoppinglist/57194?t:ac=431977"],["addProductToBasket_48","forceAjax","/rayon.productgridorlist.productlist_1.thumbnailproduct_0.addproducttobasket/57200?t:ac=431977"],["addProductToShoppingList_59","forceAjax","/rayon.productgridorlist.productlist_1.thumbnailproduct_0.addproducttoshoppinglist/57200?t:ac=431977"],["addProductToShoppingList_60","forceAjax","/rayon.productgridorlist.productlist_1.thumbnailproduct_0.addproducttoshoppinglist/57928?t:ac=431977"],["addProductToShoppingList_61","forceAjax","/rayon.productgridorlist.productlist_1.thumbnailproduct_0.addproducttoshoppinglist/57191?t:ac=431977"],["addProductToBasket_49","forceAjax","/rayon.productgridorlist.productlist_1.thumbnailproduct_0.addproducttobasket/57930?t:ac=431977"],["addProductToShoppingList_62","forceAjax","/rayon.productgridorlist.productlist_1.thumbnailproduct_0.addproducttoshoppinglist/57930?t:ac=431977"],["addProductToBasket_50","forceAjax","/rayon.productgridorlist.productlist_1.thumbnailproduct_0.addproducttobasket/57190?t:ac=431977"],["addProductToShoppingList_63","forceAjax","/rayon.productgridorlist.productlist_1.thumbnailproduct_0.addproducttoshoppinglist/57190?t:ac=431977"],["suggestionPopup","forceAjax","/rayon.suggestionpopup?t:ac=431977"],["eventlink","forceAjax","/rayon.customerinfos:showsigninpopup?t:ac=431977"],["registerPopup","forceAjax","/rayon.customerinfos.registerpopup?t:ac=431977"],["popupAuth","forceAjax","/rayon.customerinfos.popupauth?t:ac=431977"],["showSlotTab","forceAjax","/rayon.customerinfos.slotinfo.showslottab?t:ac=431977"],["basket","forceAjax","/rayon.customerinfos.basket?t:ac=431977"],["lists","forceAjax","/rayon.customerinfos.lists?t:ac=431977"],["topBasket","forceAjax","/rayon.customerinfos.topbasket?t:ac=431977"],["validateBasket","forceAjax","/rayon.customerinfos.minibasket.validatebasket?t:ac=431977"],["closeButtonHk","forceAjax","/rayon.pagetemplate.fancycloseprovidergabarit.closebuttonhk?t:ac=431977"]],"zone":[{"update":"show","element":"dynamicCssArea"},{"update":"show","element":"headerListZone"},{"update":"show","element":"productDisplayTypeZone"},{"update":"show","element":"labelZone"},{"update":"show","element":"moreProductListZone"},{"update":"show","element":"productListZone"},{"update":"show","element":"slotInfoZone"},{"update":"show","element":"accountSummaryTabContentZone"},{"update":"show","element":"completeMiniBasketZone"},{"update":"show","element":"miniBasket"},{"update":"show","element":"popupZone"},{"update":"show","element":"secondPopupZone"},{"update":"show","element":"closePopupZone"},"forceAjax"]});
});
</script></body></html>