<!DOCTYPE html PUBLIC "-//W3C//DTD XHTML 1.0 Strict//EN" "http://www.w3.org/TR/xhtml1/DTD/xhtml1-strict.dtd"><html xmlns="http://www.w3.org/1999/xhtml"><head><meta content="text/html; charset=utf-8" http-equiv="content-type"></meta><title>Vente PROMOTIONS en ligne - Auchandirect.fr</title><!-- correction d'un bug de compatibilité tapestry/IE9 --><meta content="IE=EmulateIE8" http-equiv="X-UA-Compatible"></meta><meta content="Faites vos courses en ligne sur Auchandirect.fr! PROMOTIONS en livraison 24h dans les régions de Paris, Lyon, Marseille, Toulouse et Lille." name="description"></meta><meta content="index, follow" name="robots"></meta><meta content="0" http-equiv="expires"></meta><meta content="no-cache" http-equiv="pragma"></meta><meta content="no-store, no-cache, must-revalidate" http-equiv="cache-control"></meta><link href="http://www.auchandirect.fr/static/css/styles.css" rel="stylesheet" type="text/css"></link><link href="http://www.auchandirect.fr/static/css/style-new.css" rel="stylesheet" type="text/css"></link><link href="http://www.auchandirect.fr/static/css/rayon.css" rel="stylesheet" type="text/css"></link><div class="t-zone" id="dynamicCssArea"></div><!--[if IE]><link media="all" type="text/css" href="/static/css/style-ie.css" rel="stylesheet"></link><![endif]--><link media="screen" href="http://www.auchandirect.fr/static/fancybox/jquery.fancybox-1.3.4.css" type="text/css" rel="stylesheet"></link><script src="http://www.auchandirect.fr/assets/scriptaculous/5.1.0.5/prototype.js" type="text/javascript"></script><script src="http://www.auchandirect.fr/assets/scriptaculous/5.1.0.5/scriptaculous.js" type="text/javascript"></script><script src="http://www.auchandirect.fr/assets/scriptaculous/5.1.0.5/effects.js" type="text/javascript"></script><script src="http://www.auchandirect.fr/assets/tapestry/5.1.0.5/tapestry.js" type="text/javascript"></script><script src="http://www.auchandirect.fr/assets/tapestry/5.1.0.5/tapestry-messages.js" type="text/javascript"></script><script src="http://www.auchandirect.fr/assets/ctx/296dafb4649acaf9/static/scripts/tapestry-patch.js" type="text/javascript"></script><script src="http://www.auchandirect.fr/assets/ctx/296dafb4649acaf9/static/scripts/ZoneUpdater.js" type="text/javascript"></script><script language="javascript" type="text/javascript">
// Déclaration en amont du système de binding d'event
function bindEvent(el, eventName, eventHandler) {
if (el.addEventListener){
el.addEventListener(eventName, eventHandler, false);
} else if (el.attachEvent){
el.attachEvent('on'+eventName, eventHandler);
}
}
</script><script src="http://www.auchandirect.fr/assets/ctx/296dafb4649acaf9/static/scripts/tapestry.piefix.js" type="text/javascript"></script><script type="text/javascript" language="javascript">
bindEvent(window,"load",function(){
var j = jQuery.noConflict();
j(function() {
j("#foo2").carouFredSel({
circular: true,
infinite: false,
auto : true,
scroll : {
items : "page"
},
prev : {
button : "#foo2_prev",
key : "left"
},
next : {
button : "#foo2_next",
key : "right"
},
pagination : "#foo2_pag"
});
if($(".caroufredsel_wrapper")!=null)
$(".caroufredsel_wrapper").css({
'height': '246px'
});
if($(".page_famille_carrousel")!=null)
$(".page_famille_carrousel").css({
'overflow': 'hidden'
});
});
})
</script></head><body style="background : url('https://www.auchandirect.fr/static/MOISANNIV1.jpg') no-repeat;
background-position : top center;
"><div class="fiche-produit" id="page"><div id="tetiere"><div id="logo"><!-- HEADER_LOGO --><div id="logo">
<a href="index.html" title="accueil"><img src="http://www.auchandirect.fr/static/auchan_logo.jpg" alt="Accueil" width="365" height="105" /></a>
</div>
</div><div id="pub"><?xml version="1.0" encoding="UTF-8"?><a  href="commander/identification.pagetemplate.fancycloseprovidergabarit.closebuttonhk.html"  title="Inscrivez-vous et bénéficiez de la 1ere livraison offerte avec le code BIENVENUE dès 120€ d'achats"><img src="http://www.auchandirect.fr/img/display/000/000/530/5301.jpg" /></a>
</div><!-- HEADER_HAUT_DROIT --><div id="newsletter"><h3>Newsletter </h3><a id="newsLetterPopup" onclick="javascript:Tapestry.waitForPage(event);" href="rayon.pagetemplate.header.headertop.newsletterpopup%3Ft:ac=promos.html">Inscrivez-vous vite !</a></div></div><div id="menu-top"><div id="menu-promos"><ul class="menu menu-horizontal"><li><a title="promos" class="menu-top-promos" href="rayon.pagetemplate.fancycloseprovidergabarit.closebuttonhk%3Ft:ac=promos.html">Promotions</a></li><li><a title="nouveautes" class="menu-top-nouveautes" href="nouveaut%25C3%25A9s/id0/nouveautes.html">Nouveautés</a></li></ul></div><div id="bloc-recherche"><form onsubmit="javascript:Tapestry.waitForPage(event);" action="http://www.auchandirect.fr/rayon.pagetemplate.header.headermenutop.searchform" method="post" id="searchForm" name="searchForm"><div class="t-invisible"><input value="promos" name="t:ac" type="hidden"></input><input value="H4sIAAAAAAAAAJ2QoU4DQRBAp03A1JHwB2C3CGrAUAGqIaQXPmBub7jbZndn2Z2D1mD4DwyW8BMVOP6hhmCQoBBce3UkJEVNMsnMe3lPH7B1ewBqjDP2RwFLEnLBopCqCAuK6+HI18JBJcKoqxRhwLFUGFBXpAQDJYmzgdIcyZpc5ZhIDfNmiVrODNliLyOpw/7lvLfYffnuQmcEPc1eIttzdCSwM5rgDfYt+rKfSTS+PJ4Gge2W+C/H4aaOF5E1pZTVuTMpGfbz5+Lw6uvhtQswDRs5LF9I43Dyp4NmF9iTl6RWUPmt8LYYf96fPr63ychSg5Blsmu4g06baHX6A/6kTBjLAQAA" name="t:formdata" type="hidden"></input></div><div><input title="recherche" class="texte-recherche" value="Rechercher" id="search" name="search" type="text"></input><img id="search-icon" class="t-error-icon t-invisible" alt="" src="http://www.auchandirect.fr/assets/tapestry/5.1.0.5/spacer.gif"/><input value="OK" class="recherche-submit" name="submit" type="submit"></input></div></form></div></div><div id="menu" class="float-container"><ul id="menu-principal" class="menu menu-horizontal"><li><a class="first" title="RR1002" href="rayon.pagetemplate.fancycloseprovidergabarit.closebuttonhk%3Ft:ac=promos.html#">Marché</a><div class="hovered_big_menu" id="4042"><div class="menu-panel"><div class="menu-listes-container float-container"><div class="menu-listes"><ul class="menu menu-horizontal menu_left"><li><h3><a title="RR2007" rel="page-461" href="sousfamille.pagetemplate.fancycloseprovidergabarit.closebuttonhk%3Ft:ac=404%252F461.html">Fruits</a></h3><ul class="menu"><li><a href="march%25C3%25A9/fruits/jus-de-fruits-frais/id0/100371.html">Jus de Fruits frais</a></li><li><a href="march%25C3%25A9/fruits/fruits-de-saison/id0/592.html">Fruits de saison </a></li><li><a href="march%25C3%25A9/fruits/agrumes/id0/444663.html">Agrumes</a></li><li><a href="march%25C3%25A9/fruits/pommes,-poires/id0/593.html">Pommes, Poires</a></li><li><a href="march%25C3%25A9/fruits/bananes,-fruits-exotiques/id0/589.html">Bananes, Fruits exotiques</a></li><li><a href="march%25C3%25A9/fruits/fruits-%25C3%25A0-noyau,-raisins/id0/596.html">Fruits à Noyau, Raisins</a></li><li><a href="march%25C3%25A9/fruits/fruits-rouges/id0/590.html">Fruits rouges</a></li><li><a href="march%25C3%25A9/fruits/melons,-past%25C3%25A8ques/id0/594.html">Melons, Pastèques</a></li><li><a href="march%25C3%25A9/fruits/fruits-secs-et-pr%25C3%25AAts-%25C3%25A0-l'emploi/id0/595.html">Fruits Secs et Prêts à l'Emploi</a></li></ul></li><li><h3><a title="RR2006" rel="page-463" href="id3/404/463.html">Légumes</a></h3><ul class="menu"><li><a href="march%25C3%25A9/l%25C3%25A9gumes/l%25C3%25A9gumes-de-saison/id0/431975.html">Légumes de saison</a></li><li><a href="march%25C3%25A9/l%25C3%25A9gumes/carottes,-poireaux,-navets,-potirons,-choux/id0/580.html">Carottes, Poireaux, Navets, Potirons, Choux</a></li><li><a href="march%25C3%25A9/l%25C3%25A9gumes/pommes-de-terre/id0/584.html">Pommes de Terre</a></li><li><a href="march%25C3%25A9/l%25C3%25A9gumes/salades,-endives,-herbes-aromatiques/id0/585.html">Salades, Endives, Herbes aromatiques</a></li><li><a href="march%25C3%25A9/l%25C3%25A9gumes/avocats,-concombres,-radis,-celeris/id0/581.html">Avocats, Concombres, Radis, Celeris</a></li><li><a href="march%25C3%25A9/l%25C3%25A9gumes/tomates/id0/82017.html">Tomates</a></li><li><a href="march%25C3%25A9/l%25C3%25A9gumes/aubergines,-courgettes,-poivrons/id0/583.html">Aubergines, Courgettes, Poivrons</a></li><li><a href="march%25C3%25A9/l%25C3%25A9gumes/l%25C3%25A9gumes-verts,-asperges,-champignons/id0/579.html">Légumes verts, Asperges, Champignons</a></li><li><a href="march%25C3%25A9/l%25C3%25A9gumes/ails,-oignons,-echalotes/id0/587.html">Ails, Oignons, Echalotes</a></li><li><a href="march%25C3%25A9/l%25C3%25A9gumes/soupes-fra%25C3%25AEches,-pr%25C3%25AAts-%25C3%25A0-l'emploi,-l%25C3%25A9gumes-secs/id0/588.html">Soupes Fraîches, Prêts à l'emploi, Légumes secs</a></li></ul></li><li><h3><a title="RR2009" rel="page-460" href="id3/404/460.html">Boucherie - Volaille</a></h3><ul class="menu"><li><a href="march%25C3%25A9/boucherie---volaille/les-pi%25C3%25A8ces-du-boucher/id0/431977.html">Les pièces du Boucher</a></li><li><a href="march%25C3%25A9/boucherie---volaille/b%25C5%2593uf/id0/601.html">Bœuf</a></li><li><a href="march%25C3%25A9/boucherie---volaille/porc,-veau,-agneau/id0/600.html">Porc, Veau, Agneau</a></li><li><a href="march%25C3%25A9/boucherie---volaille/poulet,-dinde,-autres-volailles/id0/603.html">Poulet, Dinde, Autres Volailles</a></li><li><a href="march%25C3%25A9/boucherie---volaille/saucisse,-viandes-cuisin%25C3%25A9es,-snack,-sauce/id0/602.html">Saucisse, Viandes Cuisinées, Snack, Sauce</a></li><li><a href="march%25C3%25A9/boucherie---volaille/steacks-hach%25C3%25A9s/id0/717040.html">Steacks Hachés</a></li></ul></li><li><h3><a title="RR2008" rel="page-462" href="id3/404/462.html">Produits de la mer</a></h3><ul class="menu"><li><a href="march%25C3%25A9/produits-de-la-mer/poissons-frais,-fruits-de-mer,-poissons-pan%25C3%25A9s/id0/597.html">Poissons frais, Fruits de Mer, Poissons Panés</a></li><li><a href="march%25C3%25A9/produits-de-la-mer/poissons-fum%25C3%25A9s/id0/82012.html">Poissons Fumés</a></li><li><a href="march%25C3%25A9/produits-de-la-mer/produits-ap%25C3%25A9ritifs/id0/100366.html">Produits Apéritifs</a></li><li><a href="march%25C3%25A9/produits-de-la-mer/surimis/id0/100363.html">Surimis</a></li></ul></li><li><h3><a title="RR3360" rel="page-100376" href="id3/404/100376.html">Pains - Viennoiseries</a></h3><ul class="menu"><li><a href="march%25C3%25A9/pains---viennoiseries/pains,-pains-de-mie/id0/100377.html">Pains, Pains de mie</a></li><li><a href="march%25C3%25A9/pains---viennoiseries/pains-%25C3%25A0-garnir/id0/431981.html">Pains à garnir</a></li><li><a href="march%25C3%25A9/pains---viennoiseries/brioches-et-viennoiseries/id0/100381.html">Brioches et Viennoiseries</a></li></ul></li><li><h3><a title="Le Marché Bio" rel="page-653715" href="id3/404/653715.html">Le Marché Bio</a></h3><ul class="menu"><li><a href="march%25C3%25A9/le-march%25C3%25A9-bio/fruits,-l%25C3%25A9gumes/id0/653716.html">Fruits, Légumes</a></li><li><a href="march%25C3%25A9/le-march%25C3%25A9-bio/viandes,-volailles,-poissons/id0/653717.html">Viandes, Volailles, Poissons</a></li></ul></li></ul><?xml version="1.0" encoding="UTF-8"?><a href="march%25C3%25A9/le-march%25C3%25A9-bio/fruits,-l%25C3%25A9gumes/id0/653716.html"><img src="http://www.auchandirect.fr/static/S1213MARCHES.jpg" alt="Promo sur les bananes Bio" title="Promo sur les bananes Bio" /></a>    
<div class="clear"></div></div><div class="clear"></div></div></div></div></li><li><a title="RR1003" href="rayon.pagetemplate.fancycloseprovidergabarit.closebuttonhk%3Ft:ac=promos.html#">Produits laitiers<br/>Œufs</a><div class="hovered_big_menu" id="4082"><div class="menu-panel"><div class="menu-listes-container float-container"><div class="menu-listes"><ul class="menu menu-horizontal menu_left"><li><h3><a title="RR2010" rel="page-459" href="id3/408/459.html">Crémerie, Oeufs</a></h3><ul class="menu"><li><a href="produits-laitiers,-%25C5%2593ufs/cr%25C3%25A9merie,-oeufs/laits/id0/605.html">Laits</a></li><li><a href="produits-laitiers,-%25C5%2593ufs/cr%25C3%25A9merie,-oeufs/cr%25C3%25A8mes-fra%25C3%25AEches,-sauces/id0/608.html">Crèmes Fraîches, Sauces </a></li><li><a href="produits-laitiers,-%25C5%2593ufs/cr%25C3%25A9merie,-oeufs/beurres/id0/604.html">Beurres</a></li><li><a href="produits-laitiers,-%25C5%2593ufs/cr%25C3%25A9merie,-oeufs/margarines/id0/607.html">Margarines</a></li><li><a href="produits-laitiers,-%25C5%2593ufs/cr%25C3%25A9merie,-oeufs/oeufs/id0/606.html">Oeufs</a></li></ul></li><li><h3><a title="RR2011" rel="page-466" href="id3/408/466.html">Fromages</a></h3><ul class="menu"><li><a href="produits-laitiers,-%25C5%2593ufs/fromages/emmental,-comt%25C3%25A9,-parmesan,-rap%25C3%25A9/id0/431987.html">Emmental, Comté, Parmesan, Rapé</a></li><li><a href="produits-laitiers,-%25C5%2593ufs/fromages/camemberts,-coulommiers,-bries/id0/611.html">Camemberts,  Coulommiers,  Bries</a></li><li><a href="produits-laitiers,-%25C5%2593ufs/fromages/ch%25C3%25A8vres,-brebis,-bleus,-roqueforts/id0/610.html">Chèvres,  Brebis, Bleus, Roqueforts</a></li><li><a href="produits-laitiers,-%25C5%2593ufs/fromages/terroir,-sp%25C3%25A9cialit%25C3%25A9s,-sp%25C3%25A9cialit%25C3%25A9s-etrang%25C3%25A8res/id0/612.html">Terroir, Spécialités,  Spécialités Etrangères</a></li><li><a href="produits-laitiers,-%25C5%2593ufs/fromages/a-cuisiner,-a-tartiner,-a-fondre/id0/614.html">A cuisiner, A tartiner, A fondre</a></li><li><a href="produits-laitiers,-%25C5%2593ufs/fromages/ap%25C3%25A9ritifs,-salades,-mozzarellas/id0/615.html">Apéritifs,  Salades,  Mozzarellas</a></li><li><a href="produits-laitiers,-%25C5%2593ufs/fromages/fromages-all%25C3%25A9g%25C3%25A9s/id0/618.html">Fromages Allégés</a></li><li><a href="produits-laitiers,-%25C5%2593ufs/fromages/enfants/id0/617.html">Enfants</a></li></ul></li><li><h3><a title="RR2012" rel="page-464" href="id3/408/464.html">Yaourts, Desserts</a></h3><ul class="menu"><li><a href="produits-laitiers,-%25C5%2593ufs/yaourts,-desserts/yaourts-natures,-fromages-blancs/id0/619.html">Yaourts natures, Fromages blancs</a></li><li><a href="produits-laitiers,-%25C5%2593ufs/yaourts,-desserts/yaourts-aux-fruits,-aromatis%25C3%25A9s/id0/620.html">Yaourts aux fruits,  Aromatisés</a></li><li><a href="produits-laitiers,-%25C5%2593ufs/yaourts,-desserts/yaourts-enfants,-a-boire/id0/621.html">Yaourts enfants, A boire</a></li><li><a href="produits-laitiers,-%25C5%2593ufs/yaourts,-desserts/desserts-gourmands/id0/622.html">Desserts gourmands</a></li><li><a href="produits-laitiers,-%25C5%2593ufs/yaourts,-desserts/all%25C3%25A9g%25C3%25A9s,-bien-%25C3%25AAtre/id0/623.html">Allégés,  Bien Être</a></li><li><a href="produits-laitiers,-%25C5%2593ufs/yaourts,-desserts/compotes/id0/431969.html">Compotes</a></li></ul></li><li><h3><a title="Produits laitiers BIO" rel="page-685063" href="id3/408/685063.html">Produits laitiers BIO</a></h3><ul class="menu"><li><a href="produits-laitiers,-%25C5%2593ufs/produits-laitiers-bio/cremerie,-oeufs/id0/685064.html">Cremerie, Oeufs</a></li><li><a href="produits-laitiers,-%25C5%2593ufs/produits-laitiers-bio/fromages/id0/685065.html">Fromages</a></li><li><a href="produits-laitiers,-%25C5%2593ufs/produits-laitiers-bio/yaourts,-desserts/id0/685066.html">Yaourts, Desserts</a></li></ul></li></ul><?xml version="1.0" encoding="UTF-8"?><a href="produits-laitiers,-%25C5%2593ufs/fromages/ap%25C3%25A9ritifs,-salades,-mozzarellas/id0/615.html"><img src="http://www.auchandirect.fr/static/S1313laitier.jpg" alt="Promo Apericube" title="Promo Apericube" width="150" height="275" /></a>    
<div class="clear"></div></div><div class="clear"></div></div></div></div></li><li><a title="RR1004" href="rayon.pagetemplate.fancycloseprovidergabarit.closebuttonhk%3Ft:ac=promos.html#">Charcuterie<br/>Traiteur</a><div class="hovered_big_menu" id="4072"><div class="menu-panel"><div class="menu-listes-container float-container"><div class="menu-listes"><ul class="menu menu-horizontal menu_left"><li><h3><a title="RR2013" rel="page-468" href="id3/407/468.html">Charcuterie</a></h3><ul class="menu"><li><a href="charcuterie-traiteur/charcuterie/jambons/id0/624.html">Jambons</a></li><li><a href="charcuterie-traiteur/charcuterie/lardons,-bacon,-aides-culinaires/id0/626.html">Lardons, Bacon, Aides culinaires</a></li><li><a href="charcuterie-traiteur/charcuterie/saucisses,-boudins/id0/629.html">Saucisses, Boudins</a></li><li><a href="charcuterie-traiteur/charcuterie/saucissons,-p%25C3%25A2t%25C3%25A9s,-rillettes/id0/625.html">Saucissons, Pâtés, Rillettes</a></li></ul></li><li><h3><a title="RR2014" rel="page-465" href="id3/407/465.html">Traiteur</a></h3><ul class="menu"><li><a href="charcuterie-traiteur/traiteur/entr%25C3%25A9es,-ap%25C3%25A9ritifs/id0/630.html">Entrées, Apéritifs</a></li><li><a href="charcuterie-traiteur/traiteur/salades-compos%25C3%25A9es,-crudit%25C3%25A9s,-soupes/id0/627.html">Salades Composées, Crudités, Soupes</a></li><li><a href="charcuterie-traiteur/traiteur/burgers,-croques/id0/632.html">Burgers, Croques</a></li><li><a href="charcuterie-traiteur/traiteur/cordons-bleus,-nuggets,-grignottes/id0/636.html">Cordons Bleus, Nuggets, Grignottes</a></li><li><a href="charcuterie-traiteur/traiteur/pizzas,-tartes,-quiches/id0/631.html">Pizzas, Tartes, Quiches</a></li><li><a href="charcuterie-traiteur/traiteur/p%25C3%25A2tes-fra%25C3%25AEches,-quenelles/id0/634.html">Pâtes Fraîches, Quenelles</a></li><li><a href="charcuterie-traiteur/traiteur/plats-cuisin%25C3%25A9s/id0/628.html">Plats cuisinés</a></li><li><a href="charcuterie-traiteur/traiteur/p%25C3%25A2tes-%25C3%25A0-tarte-et-%25C3%25A0-g%25C3%25A2teaux/id0/633.html">Pâtes à Tarte et à Gâteaux</a></li></ul></li><li><h3><a title="RR2016" rel="page-467" href="id3/407/467.html">Traiteur de la Mer</a></h3><ul class="menu"><li><a href="charcuterie-traiteur/traiteur-de-la-mer/poissons-fum%25C3%25A9s/id0/639.html">Poissons Fumés</a></li><li><a href="charcuterie-traiteur/traiteur-de-la-mer/surimis,-poissons-pan%25C3%25A9s/id0/637.html">Surimis, Poissons panés</a></li><li><a href="charcuterie-traiteur/traiteur-de-la-mer/produits-ap%25C3%25A9ritifs/id0/640.html">Produits Apéritifs</a></li></ul></li><li><h3><a title="Charcuterie, Traiteur Bio" rel="page-687256" href="id3/407/687256.html">Charcuterie, Traiteur Bio</a></h3><ul class="menu"><li><a href="charcuterie-traiteur/charcuterie,-traiteur-bio/charcuterie/id0/687259.html">Charcuterie</a></li><li><a href="charcuterie-traiteur/charcuterie,-traiteur-bio/traiteur/id0/687261.html">Traiteur</a></li></ul></li></ul><?xml version="1.0" encoding="UTF-8"?><a href="http://www.auchandirect.fr/rayon/832613"><img src="http://www.auchandirect.fr/static/S1313charcut.JPG" alt="Pr&eacute;parez votre ap&eacute;ritif" title="Pr&eacute;parez votre ap&eacute;ritif" width="150" height="275" /></a>  
<div class="clear"></div></div><div class="clear"></div></div></div></div></li><li><a title="RR1005" href="rayon.pagetemplate.fancycloseprovidergabarit.closebuttonhk%3Ft:ac=promos.html#">Surgelés</a><div class="hovered_big_menu" id="4062"><div class="menu-panel"><div class="menu-listes-container float-container"><div class="menu-listes"><ul class="menu menu-horizontal menu_left"><li><h3><a title="RR2017" rel="page-472" href="id3/406/472.html">Apéritifs, Entrées, Snacks</a></h3><ul class="menu"><li><a href="surgel%25C3%25A9s/ap%25C3%25A9ritifs,-entr%25C3%25A9es,-snacks/ap%25C3%25A9ritifs,-petits-fours/id0/431976.html">Apéritifs, Petits fours</a></li><li><a href="surgel%25C3%25A9s/ap%25C3%25A9ritifs,-entr%25C3%25A9es,-snacks/cr%25C3%25AApes,-feuillet%25C3%25A9s/id0/431978.html">Crêpes, Feuilletés</a></li><li><a href="surgel%25C3%25A9s/ap%25C3%25A9ritifs,-entr%25C3%25A9es,-snacks/bun's,-burgers/id0/431979.html">Bun's, Burgers</a></li><li><a href="surgel%25C3%25A9s/ap%25C3%25A9ritifs,-entr%25C3%25A9es,-snacks/coquilles,-escargots/id0/431980.html">Coquilles, Escargots</a></li></ul></li><li><h3><a title="Pizzas, Tartes, Plats cuisinés" rel="page-431964" href="id3/406/431964.html">Pizzas, Tartes, Plats cuisinés</a></h3><ul class="menu"><li><a href="surgel%25C3%25A9s/pizzas,-tartes,-plats-cuisin%25C3%25A9s/pizzas/id0/648.html">Pizzas</a></li><li><a href="surgel%25C3%25A9s/pizzas,-tartes,-plats-cuisin%25C3%25A9s/tartes,-quiches/id0/431973.html">Tartes, Quiches</a></li><li><a href="surgel%25C3%25A9s/pizzas,-tartes,-plats-cuisin%25C3%25A9s/plats-cuisin%25C3%25A9s/id0/646.html">Plats Cuisinés</a></li></ul></li><li><h3><a title="RR2019" rel="page-470" href="id3/406/470.html">Viandes, Produits de la Mer</a></h3><ul class="menu"><li><a href="surgel%25C3%25A9s/viandes,-produits-de-la-mer/viandes/id0/652.html">Viandes</a></li><li><a href="surgel%25C3%25A9s/viandes,-produits-de-la-mer/steacks-haches/id0/788712.html">Steacks haches</a></li><li><a href="surgel%25C3%25A9s/viandes,-produits-de-la-mer/produits-de-la-mer/id0/654.html">Produits de la Mer</a></li></ul></li><li><h3><a title="RR2018" rel="page-469" href="id3/406/469.html">Légumes, Pommes de Terre, Herbes</a></h3><ul class="menu"><li><a href="surgel%25C3%25A9s/l%25C3%25A9gumes,-pommes-de-terre,-herbes/frites,-pommes-de-terre/id0/647.html">Frites, Pommes de Terre</a></li><li><a href="surgel%25C3%25A9s/l%25C3%25A9gumes,-pommes-de-terre,-herbes/l%25C3%25A9gumes/id0/650.html">Légumes</a></li><li><a href="surgel%25C3%25A9s/l%25C3%25A9gumes,-pommes-de-terre,-herbes/herbes-aromatiques-et-sauces/id0/651.html">Herbes Aromatiques et sauces</a></li></ul></li><li><h3><a title="RR2020" rel="page-471" href="id3/406/471.html">Glaces, Patisseries, Viennoiseries</a></h3><ul class="menu"><li><a href="surgel%25C3%25A9s/glaces,-patisseries,-viennoiseries/glaces-individuelles/id0/657.html">Glaces Individuelles</a></li><li><a href="surgel%25C3%25A9s/glaces,-patisseries,-viennoiseries/glaces-%25C3%25A0-partager/id0/653.html">Glaces à Partager</a></li><li><a href="surgel%25C3%25A9s/glaces,-patisseries,-viennoiseries/p%25C3%25A2tisseries,-viennoiseries/id0/656.html">Pâtisseries, Viennoiseries</a></li><li><a href="surgel%25C3%25A9s/glaces,-patisseries,-viennoiseries/accompagnements,-fruits/id0/655.html">Accompagnements, Fruits</a></li></ul></li></ul><?xml version="1.0" encoding="UTF-8"?><a href="http://www.auchandirect.fr/rayon/37716"><img src="http://www.auchandirect.fr/static/S1313surgeles.jpg" alt="Promo pour votre repas de Paques" title="Promo pour votre repas de Paques" width="150" height="275" /></a>    
<div class="clear"></div></div><div class="clear"></div></div></div></div></li><li><a title="RR1006" href="rayon.pagetemplate.fancycloseprovidergabarit.closebuttonhk%3Ft:ac=promos.html#">Epicerie<br/>Salée</a><div class="hovered_big_menu" id="4132"><div class="menu-panel"><div class="menu-listes-container float-container"><div class="menu-listes"><ul class="menu menu-horizontal menu_left"><li><h3><a title="RR2025" rel="page-479" href="id3/413/479.html">Conserves, Plats Cuisinés</a></h3><ul class="menu"><li><a href="epicerie-sal%25C3%25A9e/conserves,-plats-cuisin%25C3%25A9s/conserves-de-l%25C3%25A9gumes/id0/674.html">Conserves de Légumes</a></li><li><a href="epicerie-sal%25C3%25A9e/conserves,-plats-cuisin%25C3%25A9s/conserves-de-poissons/id0/676.html">Conserves de Poissons</a></li><li><a href="epicerie-sal%25C3%25A9e/conserves,-plats-cuisin%25C3%25A9s/plats-cuisin%25C3%25A9s/id0/677.html">Plats Cuisinés</a></li><li><a href="epicerie-sal%25C3%25A9e/conserves,-plats-cuisin%25C3%25A9s/terrines,-pat%25C3%25A9s/id0/679.html">Terrines, Patés</a></li></ul></li><li><h3><a title="RR2023" rel="page-480" href="id3/413/480.html">Pâtes, Riz, Purées</a></h3><ul class="menu"><li><a href="epicerie-sal%25C3%25A9e/p%25C3%25A2tes,-riz,-pur%25C3%25A9es/p%25C3%25A2tes/id0/681.html">Pâtes</a></li><li><a href="epicerie-sal%25C3%25A9e/p%25C3%25A2tes,-riz,-pur%25C3%25A9es/riz/id0/680.html">Riz</a></li><li><a href="epicerie-sal%25C3%25A9e/p%25C3%25A2tes,-riz,-pur%25C3%25A9es/sauces-pour-p%25C3%25A2tes-et-riz/id0/431966.html">Sauces pour Pâtes et Riz</a></li><li><a href="epicerie-sal%25C3%25A9e/p%25C3%25A2tes,-riz,-pur%25C3%25A9es/bl%25C3%25A9s,-semoules,-l%25C3%25A9gumes-secs/id0/678.html">Blés, Semoules, Légumes secs</a></li><li><a href="epicerie-sal%25C3%25A9e/p%25C3%25A2tes,-riz,-pur%25C3%25A9es/pur%25C3%25A9es/id0/682.html">Purées</a></li></ul></li><li><h3><a title="RR2022" rel="page-481" href="id3/413/481.html">Potages et Soupes</a></h3><ul class="menu"><li><a href="epicerie-sal%25C3%25A9e/potages-et-soupes/format-familial/id0/683.html">Format Familial</a></li><li><a href="epicerie-sal%25C3%25A9e/potages-et-soupes/format-individuel/id0/686.html">Format individuel</a></li><li><a href="epicerie-sal%25C3%25A9e/potages-et-soupes/de%25CC%2581shydrate%25CC%2581es,-instantane%25CC%2581es,-croutons/id0/685.html">Déshydratées, Instantanées, Croutons</a></li></ul></li><li><h3><a title="RR2024" rel="page-482" href="id3/413/482.html">Sauces, Condiments</a></h3><ul class="menu"><li><a href="epicerie-sal%25C3%25A9e/sauces,-condiments/huiles/id0/692.html">Huiles</a></li><li><a href="epicerie-sal%25C3%25A9e/sauces,-condiments/vinaigres,-vinaigrettes/id0/694.html">Vinaigres, Vinaigrettes</a></li><li><a href="epicerie-sal%25C3%25A9e/sauces,-condiments/sauces-chaudes/id0/689.html">Sauces Chaudes</a></li><li><a href="epicerie-sal%25C3%25A9e/sauces,-condiments/moutarde,-mayonnaise,-ketchup/id0/691.html">Moutarde, Mayonnaise, Ketchup</a></li><li><a href="epicerie-sal%25C3%25A9e/sauces,-condiments/olives,-cornichons/id0/688.html">Olives,  Cornichons</a></li><li><a href="epicerie-sal%25C3%25A9e/sauces,-condiments/sel,-poivre,-epices,-herbes/id0/695.html">Sel, Poivre, Epices, Herbes</a></li><li><a href="epicerie-sal%25C3%25A9e/sauces,-condiments/bouillons,-aides-culinaires/id0/687.html">Bouillons, Aides culinaires</a></li></ul></li><li><h3><a title="RR2021" rel="page-477" href="id3/413/477.html">Produits Salés Apéritifs</a></h3><ul class="menu"><li><a href="epicerie-sal%25C3%25A9e/produits-sal%25C3%25A9s-ap%25C3%25A9ritifs/chips,-tuiles/id0/675.html">Chips, Tuiles</a></li><li><a href="epicerie-sal%25C3%25A9e/produits-sal%25C3%25A9s-ap%25C3%25A9ritifs/cacahu%25C3%25A8tes,-autres-graines/id0/673.html">Cacahuètes, Autres Graines</a></li><li><a href="epicerie-sal%25C3%25A9e/produits-sal%25C3%25A9s-ap%25C3%25A9ritifs/biscuits-sal%25C3%25A9s,-souffl%25C3%25A9s/id0/668.html">Biscuits salés, Soufflés</a></li><li><a href="epicerie-sal%25C3%25A9e/produits-sal%25C3%25A9s-ap%25C3%25A9ritifs/autres-produits-ap%25C3%25A9ritifs/id0/669.html">Autres Produits Apéritifs</a></li></ul></li><li><h3><a title="RR3363" rel="page-143464" href="id3/413/143464.html">Produits Gourmets</a></h3><ul class="menu"><li><a href="epicerie-sal%25C3%25A9e/produits-gourmets/epicerie-sal%25C3%25A9e/id0/143468.html">Epicerie Salée</a></li><li><a href="epicerie-sal%25C3%25A9e/produits-gourmets/epicerie-sucr%25C3%25A9e/id0/143469.html">Epicerie Sucrée</a></li></ul></li><li><h3><a title="Epicerie salée BIO" rel="page-685096" href="id3/413/685096.html">Epicerie salée BIO</a></h3><ul class="menu"><li><a href="epicerie-sal%25C3%25A9e/epicerie-sal%25C3%25A9e-bio/conserves,-plats-cuisin%25C3%25A9s/id0/685097.html">Conserves, Plats cuisinés</a></li><li><a href="epicerie-sal%25C3%25A9e/epicerie-sal%25C3%25A9e-bio/p%25C3%25A2tes,-riz,-l%25C3%25A9gumes-secs/id0/685099.html">Pâtes, Riz, Légumes secs</a></li><li><a href="epicerie-sal%25C3%25A9e/epicerie-sal%25C3%25A9e-bio/soupes,-sauces,-condiments/id0/687251.html">Soupes, Sauces, Condiments</a></li></ul></li><li><h3><a title="Produits du monde" rel="page-764962" href="id3/413/764962.html">Produits du monde</a></h3><ul class="menu"><li><a href="epicerie-sal%25C3%25A9e/produits-du-monde/tex-mex/id0/764963.html">Tex mex</a></li><li><a href="epicerie-sal%25C3%25A9e/produits-du-monde/asie/id0/764964.html">Asie</a></li></ul></li></ul><?xml version="1.0" encoding="UTF-8"?><a href="http://www.auchandirect.fr/rayon/121413"><img src="http://www.auchandirect.fr/static/S1213SALE.jpg" alt="-25% sur Barilla" title="-25% sur Barilla" width="150" height="275" /></a>     
<div class="clear"></div></div><div class="clear"></div></div></div></div></li><li><a title="RR1007" href="rayon.pagetemplate.fancycloseprovidergabarit.closebuttonhk%3Ft:ac=promos.html#">Petit-Déjeuner<br/>Epicerie Sucrée</a><div class="hovered_big_menu" id="4092"><div class="menu-panel"><div class="menu-listes-container float-container"><div class="menu-listes"><ul class="menu menu-horizontal menu_left"><li><h3><a title="RR2029" rel="page-484" href="id3/409/484.html">Petit-déjeuner</a></h3><ul class="menu"><li><a href="petit-d%25C3%25A9jeuner-epicerie-sucr%25C3%25A9e/petit-d%25C3%25A9jeuner/dosettes,-capsules/id0/431984.html">Dosettes, Capsules</a></li><li><a href="petit-d%25C3%25A9jeuner-epicerie-sucr%25C3%25A9e/petit-d%25C3%25A9jeuner/caf%25C3%25A9s,-chicor%25C3%25A9es,-chocolats/id0/710.html">Cafés, Chicorées, Chocolats</a></li><li><a href="petit-d%25C3%25A9jeuner-epicerie-sucr%25C3%25A9e/petit-d%25C3%25A9jeuner/th%25C3%25A9s,-infusions/id0/715.html">Thés, Infusions</a></li><li><a href="petit-d%25C3%25A9jeuner-epicerie-sucr%25C3%25A9e/petit-d%25C3%25A9jeuner/c%25C3%25A9r%25C3%25A9ales/id0/709.html">Céréales</a></li><li><a href="petit-d%25C3%25A9jeuner-epicerie-sucr%25C3%25A9e/petit-d%25C3%25A9jeuner/biscottes,-tartines/id0/708.html">Biscottes, Tartines</a></li><li><a href="petit-d%25C3%25A9jeuner-epicerie-sucr%25C3%25A9e/petit-d%25C3%25A9jeuner/pains-et-viennoiseries/id0/716.html">Pains et Viennoiseries</a></li><li><a href="petit-d%25C3%25A9jeuner-epicerie-sucr%25C3%25A9e/petit-d%25C3%25A9jeuner/confitures,-miels,-p%25C3%25A2tes-%25C3%25A0-tartiner/id0/712.html">Confitures, Miels, Pâtes à Tartiner</a></li><li><a href="petit-d%25C3%25A9jeuner-epicerie-sucr%25C3%25A9e/petit-d%25C3%25A9jeuner/jus-de-fruits/id0/713.html">Jus de Fruits</a></li><li><a href="petit-d%25C3%25A9jeuner-epicerie-sucr%25C3%25A9e/petit-d%25C3%25A9jeuner/laits/id0/714.html">Laits</a></li></ul></li><li><h3><a title="RR2026" rel="page-483" href="id3/409/483.html">Biscuits, Goûters</a></h3><ul class="menu"><li><a href="petit-d%25C3%25A9jeuner-epicerie-sucr%25C3%25A9e/biscuits,-go%25C3%25BBters/biscuits/id0/693.html">Biscuits</a></li><li><a href="petit-d%25C3%25A9jeuner-epicerie-sucr%25C3%25A9e/biscuits,-go%25C3%25BBters/go%25C3%25BBters/id0/431989.html">Goûters </a></li><li><a href="petit-d%25C3%25A9jeuner-epicerie-sucr%25C3%25A9e/biscuits,-go%25C3%25BBters/p%25C3%25A2tisseries/id0/696.html">Pâtisseries</a></li><li><a href="petit-d%25C3%25A9jeuner-epicerie-sucr%25C3%25A9e/biscuits,-go%25C3%25BBters/compotes-enfants/id0/856862.html">Compotes enfants</a></li></ul></li><li><h3><a title="RR2027" rel="page-485" href="id3/409/485.html">Chocolats, Confiseries</a></h3><ul class="menu"><li><a href="petit-d%25C3%25A9jeuner-epicerie-sucr%25C3%25A9e/chocolats,-confiseries/tablettes-de-chocolat/id0/701.html">Tablettes de Chocolat</a></li><li><a href="petit-d%25C3%25A9jeuner-epicerie-sucr%25C3%25A9e/chocolats,-confiseries/confiseries-chocolat%25C3%25A9es/id0/698.html">Confiseries Chocolatées</a></li><li><a href="petit-d%25C3%25A9jeuner-epicerie-sucr%25C3%25A9e/chocolats,-confiseries/bonbons/id0/699.html">Bonbons</a></li><li><a href="petit-d%25C3%25A9jeuner-epicerie-sucr%25C3%25A9e/chocolats,-confiseries/chewing-gum/id0/700.html">Chewing Gum</a></li><li><a href="petit-d%25C3%25A9jeuner-epicerie-sucr%25C3%25A9e/chocolats,-confiseries/petite-confiserie/id0/702.html">Petite Confiserie</a></li></ul></li><li><h3><a title="RR2028" rel="page-486" href="id3/409/486.html">Desserts, Ingrédients</a></h3><ul class="menu"><li><a href="petit-d%25C3%25A9jeuner-epicerie-sucr%25C3%25A9e/desserts,-ingr%25C3%25A9dients/sucres,-farines,-levures/id0/706.html">Sucres, Farines, Levures</a></li><li><a href="petit-d%25C3%25A9jeuner-epicerie-sucr%25C3%25A9e/desserts,-ingr%25C3%25A9dients/compotes,-cr%25C3%25A8mes/id0/704.html">Compotes, Crèmes</a></li><li><a href="petit-d%25C3%25A9jeuner-epicerie-sucr%25C3%25A9e/desserts,-ingr%25C3%25A9dients/desserts-%25C3%25A0-pr%25C3%25A9parer/id0/703.html">Desserts à Préparer</a></li><li><a href="petit-d%25C3%25A9jeuner-epicerie-sucr%25C3%25A9e/desserts,-ingr%25C3%25A9dients/fruits-au-sirop/id0/705.html">Fruits au Sirop</a></li><li><a href="petit-d%25C3%25A9jeuner-epicerie-sucr%25C3%25A9e/desserts,-ingr%25C3%25A9dients/aides-%25C3%25A0-la-p%25C3%25A2tisserie/id0/707.html">Aides à la Pâtisserie</a></li></ul></li><li><h3><a title="Bien Etre, Forme" rel="page-431988" href="id3/409/431988.html">Bien Etre, Forme</a></h3><ul class="menu"><li><a href="petit-d%25C3%25A9jeuner-epicerie-sucr%25C3%25A9e/bien-etre,-forme/petit-d%25C3%25A9jeuner/id0/431990.html">Petit Déjeuner</a></li><li><a href="petit-d%25C3%25A9jeuner-epicerie-sucr%25C3%25A9e/bien-etre,-forme/biscuits,-go%25C3%25BBters/id0/431991.html">Biscuits, Goûters</a></li><li><a href="petit-d%25C3%25A9jeuner-epicerie-sucr%25C3%25A9e/bien-etre,-forme/compl%25C3%25A9ments-alimentaires/id0/431992.html">Compléments alimentaires</a></li><li><a href="petit-d%25C3%25A9jeuner-epicerie-sucr%25C3%25A9e/bien-etre,-forme/sans-gluten/id0/431993.html">Sans gluten</a></li></ul></li><li><h3><a title="Epicerie sucrée Bio" rel="page-685084" href="id3/409/685084.html">Epicerie sucrée Bio</a></h3><ul class="menu"><li><a href="petit-d%25C3%25A9jeuner-epicerie-sucr%25C3%25A9e/epicerie-sucr%25C3%25A9e-bio/caf%25C3%25A9,-th%25C3%25A9s/id0/687260.html">Café, Thés</a></li><li><a href="petit-d%25C3%25A9jeuner-epicerie-sucr%25C3%25A9e/epicerie-sucr%25C3%25A9e-bio/c%25C3%25A9r%25C3%25A9ales/id0/687270.html">Céréales </a></li><li><a href="petit-d%25C3%25A9jeuner-epicerie-sucr%25C3%25A9e/epicerie-sucr%25C3%25A9e-bio/confitures,-miels,-p%25C3%25A2tes-%25C3%25A0-tartiner/id0/687268.html">Confitures, Miels, Pâtes à tartiner</a></li><li><a href="petit-d%25C3%25A9jeuner-epicerie-sucr%25C3%25A9e/epicerie-sucr%25C3%25A9e-bio/biscuits/id0/685091.html">Biscuits </a></li><li><a href="petit-d%25C3%25A9jeuner-epicerie-sucr%25C3%25A9e/epicerie-sucr%25C3%25A9e-bio/farines,-sucres/id0/687265.html">Farines, Sucres </a></li><li><a href="petit-d%25C3%25A9jeuner-epicerie-sucr%25C3%25A9e/epicerie-sucr%25C3%25A9e-bio/tablettes-de-chocolat/id0/689173.html">Tablettes de chocolat</a></li><li><a href="petit-d%25C3%25A9jeuner-epicerie-sucr%25C3%25A9e/epicerie-sucr%25C3%25A9e-bio/compotes,-cr%25C3%25A8mes/id0/689171.html">Compotes, Crèmes </a></li></ul></li><li><h3><a title="Chocolats de Pâques" rel="page-788713" href="id3/409/788713.html">Chocolats de Pâques</a></h3><ul class="menu"><li><a href="petit-d%25C3%25A9jeuner-epicerie-sucr%25C3%25A9e/chocolats-de-p%25C3%25A2ques/chocolats-de-p%25C3%25A2ques/id0/788714.html">Chocolats de Pâques</a></li></ul></li></ul><?xml version="1.0" encoding="UTF-8"?><a href="http://www.auchandirect.fr/rayon/755420"><img src="http://www.auchandirect.fr/static/S1113CHOCOLAT.jpg" alt="D&eacute;couvrez nos offres en chocolats" title="D&eacute;couvrez nos offres en chocolats" /><img src="http://www.auchandirect.fr/static/S1113chocolat.jpg" alt="D&eacute;couvrez nos offres de chocolat" title="D&eacute;couvrez nos offres de chocolat" /></a>    
<div class="clear"></div></div><div class="clear"></div></div></div></div></li><li><a title="RR1008" href="rayon.pagetemplate.fancycloseprovidergabarit.closebuttonhk%3Ft:ac=promos.html#">Boissons</a><div class="hovered_big_menu" id="4112"><div class="menu-panel"><div class="menu-listes-container float-container"><div class="menu-listes"><ul class="menu menu-horizontal menu_left"><li><h3><a title="RR2030" rel="page-478" href="id3/411/478.html">Eaux</a></h3><ul class="menu"><li><a href="boissons/eaux/eaux-plates/id0/667.html">Eaux plates</a></li><li><a href="boissons/eaux/eaux-gazeuses/id0/663.html">Eaux gazeuses</a></li><li><a href="boissons/eaux/eaux-aromatis%25C3%25A9es/id0/666.html">Eaux aromatisées</a></li><li><a href="boissons/eaux/boutique-evian/id0/786012.html">Boutique Evian</a></li><li><a href="boissons/eaux/boutique-perrier/id0/786013.html">Boutique Perrier</a></li></ul></li><li><h3><a title="RR2031" rel="page-476" href="id3/411/476.html">Jus, Softs</a></h3><ul class="menu"><li><a href="boissons/jus,-softs/jus-de-fruits,-l%25C3%25A9gumes/id0/672.html">Jus de fruits, Légumes</a></li><li><a href="boissons/jus,-softs/jus-de-fruits-frais/id0/433470.html">Jus de fruits frais</a></li><li><a href="boissons/jus,-softs/colas,-boissons-gazeuses/id0/671.html">Colas, Boissons gazeuses</a></li><li><a href="boissons/jus,-softs/boissons-aromatis%25C3%25A9es,-sirops/id0/670.html">Boissons aromatisées, Sirops</a></li><li><a href="boissons/jus,-softs/energ%25C3%25A9tiques,-sports/id0/431982.html">Energétiques, Sports</a></li></ul></li><li><h3><a title="RR2058" rel="page-506" href="id3/411/506.html">Vins et Champagnes</a></h3><ul class="menu"><li><a href="boissons/vins-et-champagnes/vins-rouges/id0/822.html">Vins rouges</a></li><li><a href="boissons/vins-et-champagnes/vins-blancs/id0/819.html">Vins blancs</a></li><li><a href="boissons/vins-et-champagnes/vins-ros%25C3%25A9s/id0/821.html">Vins rosés</a></li><li><a href="boissons/vins-et-champagnes/champagnes-et-vins-p%25C3%25A9tillants/id0/818.html">Champagnes et vins pétillants</a></li><li><a href="boissons/vins-et-champagnes/foire-aux-vins-de-printemps/id0/685088.html">Foire aux vins de printemps</a></li></ul></li><li><h3><a title="RR3373" rel="page-445712" href="id3/411/445712.html">Produits Salés Apéritifs</a></h3><ul class="menu"><li><a href="boissons/produits-sal%25C3%25A9s-ap%25C3%25A9ritifs/chips,-tuiles/id0/445713.html">Chips, Tuiles</a></li><li><a href="boissons/produits-sal%25C3%25A9s-ap%25C3%25A9ritifs/cacahu%25C3%25A8tes,-autres-graines/id0/445714.html">Cacahuètes, Autres Graines</a></li><li><a href="boissons/produits-sal%25C3%25A9s-ap%25C3%25A9ritifs/biscuits-sal%25C3%25A9s,-souffl%25C3%25A9s/id0/445715.html">Biscuits Salés, Soufflés</a></li><li><a href="boissons/produits-sal%25C3%25A9s-ap%25C3%25A9ritifs/autres-produits-ap%25C3%25A9ritifs/id0/445716.html">Autres Produits Apéritifs</a></li></ul></li><li><h3><a title="RR2032" rel="page-475" href="id3/411/475.html">Apéritifs, Digestifs</a></h3><ul class="menu"><li><a href="boissons/ap%25C3%25A9ritifs,-digestifs/whiskies/id0/661.html">Whiskies</a></li><li><a href="boissons/ap%25C3%25A9ritifs,-digestifs/ap%25C3%25A9ritifs,-anis%25C3%25A9s/id0/662.html">Apéritifs, Anisés</a></li><li><a href="boissons/ap%25C3%25A9ritifs,-digestifs/digestifs/id0/658.html">Digestifs</a></li><li><a href="boissons/ap%25C3%25A9ritifs,-digestifs/autres-alcools/id0/431962.html">Autres alcools</a></li><li><a href="boissons/ap%25C3%25A9ritifs,-digestifs/sans-alcool/id0/431963.html">Sans alcool</a></li></ul></li><li><h3><a title="RR2033" rel="page-474" href="id3/411/474.html">Bières, Cidres</a></h3><ul class="menu"><li><a href="boissons/bi%25C3%25A8res,-cidres/bi%25C3%25A8res/id0/664.html">Bières</a></li><li><a href="boissons/bi%25C3%25A8res,-cidres/cidres/id0/665.html">Cidres</a></li></ul></li><li><h3><a title="Boissons Bio" rel="page-731715" href="id3/411/731715.html">Boissons Bio</a></h3><ul class="menu"><li><a href="boissons/boissons-bio/jus-de-fruits-frais/id0/736713.html">Jus de fruits frais</a></li><li><a href="boissons/boissons-bio/jus-de-fruits,-l%25C3%25A9gumes/id0/736714.html">Jus de fruits, Légumes</a></li><li><a href="boissons/boissons-bio/lait,-soja,-riz/id0/736715.html">Lait, Soja, Riz</a></li><li><a href="boissons/boissons-bio/vins,-cidres/id0/736712.html">Vins, Cidres</a></li></ul></li></ul><?xml version="1.0" encoding="UTF-8"?><a href="http://www.auchandirect.fr/rayon/384079"><img src="http://www.auchandirect.fr/static/s1213boisson.jpg" alt="Champagne Heidsieck Monopole" title="Champagne Heidsieck Monopole" /></a>     
<div class="clear"></div></div><div class="clear"></div></div></div></div></li><li><a title="RR1012" href="rayon.pagetemplate.fancycloseprovidergabarit.closebuttonhk%3Ft:ac=promos.html#">Bébé</a><div class="hovered_big_menu" id="4102"><div class="menu-panel"><div class="menu-listes-container float-container"><div class="menu-listes"><ul class="menu menu-horizontal menu_left"><li><h3><a title="RR2048" rel="page-490" href="id3/410/490.html">Couches, Culottes</a></h3><ul class="menu"><li><a href="b%25C3%25A9b%25C3%25A9/couches,-culottes/nouveau-n%25C3%25A9s-(taille-1-et-2)/id0/718.html">Nouveau-nés (Taille 1 et 2)</a></li><li><a href="b%25C3%25A9b%25C3%25A9/couches,-culottes/3-9-kg-(taille-3-et-4)/id0/721.html">3-9 kg (Taille 3 et 4)</a></li><li><a href="b%25C3%25A9b%25C3%25A9/couches,-culottes/7-20-kg-(taille-3,-4-et-5)/id0/717.html">7-20 kg (Taille 4 et 5)</a></li><li><a href="b%25C3%25A9b%25C3%25A9/couches,-culottes/11-35-kg-(taille-4-et-5)/id0/719.html">11-35 kg (Taille 4 et 5)</a></li><li><a href="b%25C3%25A9b%25C3%25A9/couches,-culottes/culottes/id0/720.html">Culottes</a></li></ul></li><li><h3><a title="RR2047" rel="page-487" href="id3/410/487.html">Laits bébé</a></h3><ul class="menu"><li><a href="b%25C3%25A9b%25C3%25A9/laits-b%25C3%25A9b%25C3%25A9/croissance/id0/725.html">Croissance</a></li><li><a href="b%25C3%25A9b%25C3%25A9/laits-b%25C3%25A9b%25C3%25A9/laits-1er-age/id0/722.html">Laits 1er Age</a></li><li><a href="b%25C3%25A9b%25C3%25A9/laits-b%25C3%25A9b%25C3%25A9/laits-2%25C3%25A8me-age/id0/723.html">Laits 2ème Age</a></li><li><a href="b%25C3%25A9b%25C3%25A9/laits-b%25C3%25A9b%25C3%25A9/laits-infantiles-bio/id0/724.html">Laits Infantiles Bio</a></li></ul></li><li><h3><a title="RR2046" rel="page-488" href="id3/410/488.html">Alimentation bébé</a></h3><ul class="menu"><li><a href="b%25C3%25A9b%25C3%25A9/alimentation-b%25C3%25A9b%25C3%25A9/petit-d%25C3%25A9jeuner/id0/727.html">Petit-déjeuner</a></li><li><a href="b%25C3%25A9b%25C3%25A9/alimentation-b%25C3%25A9b%25C3%25A9/petits-pots,-assiettes/id0/729.html">Petits Pots, Assiettes</a></li><li><a href="b%25C3%25A9b%25C3%25A9/alimentation-b%25C3%25A9b%25C3%25A9/go%25C3%25BBters,-desserts/id0/730.html">Goûters, Desserts</a></li><li><a href="b%25C3%25A9b%25C3%25A9/alimentation-b%25C3%25A9b%25C3%25A9/boissons/id0/728.html">Boissons</a></li><li><a href="b%25C3%25A9b%25C3%25A9/alimentation-b%25C3%25A9b%25C3%25A9/alimentation-b%25C3%25A9b%25C3%25A9-bio/id0/726.html">Alimentation Bébé Bio</a></li></ul></li><li><h3><a title="RR2049" rel="page-489" href="id3/410/489.html">Toilette et Soin</a></h3><ul class="menu"><li><a href="b%25C3%25A9b%25C3%25A9/toilette-et-soin/cotons,-lingettes/id0/731.html">Cotons, Lingettes</a></li><li><a href="b%25C3%25A9b%25C3%25A9/toilette-et-soin/toilette/id0/732.html">Toilette</a></li><li><a href="b%25C3%25A9b%25C3%25A9/toilette-et-soin/soins/id0/733.html">Soins</a></li><li><a href="b%25C3%25A9b%25C3%25A9/toilette-et-soin/accessoires-de-pu%25C3%25A9riculture/id0/736.html">Accessoires de Puériculture</a></li><li><a href="b%25C3%25A9b%25C3%25A9/toilette-et-soin/pour-la-maman/id0/734.html">Pour la Maman</a></li></ul></li><li><h3><a title="Bébé Bio" rel="page-689179" href="id3/410/689179.html">Bébé Bio</a></h3><ul class="menu"><li><a href="b%25C3%25A9b%25C3%25A9/b%25C3%25A9b%25C3%25A9-bio/laits-infantiles/id0/693965.html">Laits infantiles</a></li><li><a href="b%25C3%25A9b%25C3%25A9/b%25C3%25A9b%25C3%25A9-bio/petit-d%25C3%25A9jeuner/id0/693964.html">Petit déjeuner</a></li><li><a href="b%25C3%25A9b%25C3%25A9/b%25C3%25A9b%25C3%25A9-bio/petits-pots,-assiettes/id0/689182.html">Petits pots, Assiettes </a></li><li><a href="b%25C3%25A9b%25C3%25A9/b%25C3%25A9b%25C3%25A9-bio/desserts-et-go%25C3%25BBters/id0/689184.html">Desserts et goûters </a></li><li><a href="b%25C3%25A9b%25C3%25A9/b%25C3%25A9b%25C3%25A9-bio/boissons/id0/689183.html">Boissons</a></li><li><a href="b%25C3%25A9b%25C3%25A9/b%25C3%25A9b%25C3%25A9-bio/toilette-et-soin/id0/689180.html">Toilette et soin</a></li></ul></li></ul><?xml version="1.0" encoding="UTF-8"?><a href="http://www.auchandirect.fr/rayon/872514"><img src="http://www.auchandirect.fr/static/S1313bebe.jpg" alt="Promo sur Gallia" title="Promo sur Gallia" width="150" height="275" /></a>    
<div class="clear"></div></div><div class="clear"></div></div></div></div></li><li><a title="RR1001" href="rayon.pagetemplate.fancycloseprovidergabarit.closebuttonhk%3Ft:ac=promos.html#">Bio<br/>Ecolo</a><div class="hovered_big_menu" id="4052"><div class="menu-panel"><div class="menu-listes-container float-container"><div class="menu-listes"><ul class="menu menu-horizontal menu_left"><li><h3><a title="RR2002" rel="page-456" href="id3/405/456.html">Produits Frais et Surgelés Bio</a></h3><ul class="menu"><li><a href="bio-ecolo/produits-frais-et-surgel%25C3%25A9s-bio/charcuterie,-traiteur/id0/575.html">Charcuterie,  Traiteur</a></li><li><a href="bio-ecolo/produits-frais-et-surgel%25C3%25A9s-bio/fruits,-l%25C3%25A9gumes/id0/574.html">Fruits,  Légumes</a></li><li><a href="bio-ecolo/produits-frais-et-surgel%25C3%25A9s-bio/cr%25C3%25A9merie---fromages---oeufs/id0/576.html">Crémerie - Fromages - Oeufs</a></li><li><a href="bio-ecolo/produits-frais-et-surgel%25C3%25A9s-bio/surgel%25C3%25A9s/id0/577.html">Surgelés</a></li><li><a href="bio-ecolo/produits-frais-et-surgel%25C3%25A9s-bio/viandes,-volailles,-poissons/id0/578.html">Viandes,  Volailles,  Poissons</a></li></ul></li><li><h3><a title="RR2003" rel="page-458" href="id3/405/458.html">Epicerie Bio</a></h3><ul class="menu"><li><a href="bio-ecolo/epicerie-bio/biscuits/id0/567.html">Biscuits</a></li><li><a href="bio-ecolo/epicerie-bio/desserts/id0/731714.html">Desserts</a></li><li><a href="bio-ecolo/epicerie-bio/petit-d%25C3%25A9jeuner/id0/573.html">Petit-déjeuner</a></li><li><a href="bio-ecolo/epicerie-bio/conserves,-plats-cuisin%25C3%25A9s/id0/565.html">Conserves,  Plats Cuisinés</a></li><li><a href="bio-ecolo/epicerie-bio/p%25C3%25A2tes,-riz,-c%25C3%25A9r%25C3%25A9ales/id0/570.html">Pâtes,  Riz,  Céréales</a></li><li><a href="bio-ecolo/epicerie-bio/sauces,-condiments/id0/572.html">Sauces,  Condiments</a></li><li><a href="bio-ecolo/epicerie-bio/chocolats/id0/693962.html">Chocolats</a></li></ul></li><li><h3><a title="RR2004" rel="page-455" href="id3/405/455.html">Boissons Bio</a></h3><ul class="menu"><li><a href="bio-ecolo/boissons-bio/lait,-soja,-riz/id0/563.html">Lait,  Soja, riz</a></li><li><a href="bio-ecolo/boissons-bio/jus-de-fruits,-l%25C3%25A9gumes/id0/557.html">Jus de Fruits,  Légumes</a></li><li><a href="bio-ecolo/boissons-bio/alcools/id0/554.html">Alcools</a></li></ul></li><li><h3><a title="RR2001" rel="page-454" href="id3/405/454.html">Bébé Bio</a></h3><ul class="menu"><li><a href="bio-ecolo/b%25C3%25A9b%25C3%25A9-bio/alimentation-b%25C3%25A9b%25C3%25A9/id0/558.html">Alimentation Bébé</a></li><li><a href="bio-ecolo/b%25C3%25A9b%25C3%25A9-bio/laits-b%25C3%25A9b%25C3%25A9/id0/556.html">Laits Bébé</a></li><li><a href="bio-ecolo/b%25C3%25A9b%25C3%25A9-bio/toilette,-soins/id0/555.html">Toilette, Soins</a></li></ul></li><li><h3><a title="RR2005" rel="page-457" href="id3/405/457.html">Entretien,  Hygiène Bio Ecolo</a></h3><ul class="menu"><li><a href="bio-ecolo/entretien,-hygi%25C3%25A8ne-bio-ecolo/soins-de-la-personne/id0/562.html">Soins de la Personne</a></li><li><a href="bio-ecolo/entretien,-hygi%25C3%25A8ne-bio-ecolo/piles,-ampoules/id0/564.html">Piles, Ampoules</a></li><li><a href="bio-ecolo/entretien,-hygi%25C3%25A8ne-bio-ecolo/vaisselle/id0/689175.html">Vaisselle</a></li><li><a href="bio-ecolo/entretien,-hygi%25C3%25A8ne-bio-ecolo/cuisine/id0/689176.html">Cuisine</a></li><li><a href="bio-ecolo/entretien,-hygi%25C3%25A8ne-bio-ecolo/produits-m%25C3%25A9nagers/id0/689177.html">Produits ménagers</a></li><li><a href="bio-ecolo/entretien,-hygi%25C3%25A8ne-bio-ecolo/papiers/id0/689178.html">Papiers</a></li></ul></li></ul><?xml version="1.0" encoding="UTF-8"?><a href="bio-ecolo/entretien,-hygi%25C3%25A8ne-bio-ecolo/produits-m%25C3%25A9nagers/id0/689177.html"><img src="http://www.auchandirect.fr/static/s1213bio.jpg" alt="Nettoyez Sain,respirez sain" title="Nettoyez Sain,Respirez sain" width="150" height="275" /></a>   
<div class="clear"></div></div><div class="clear"></div></div></div></div></li><li><a title="RR1010" href="rayon.pagetemplate.fancycloseprovidergabarit.closebuttonhk%3Ft:ac=promos.html#">Hygiène<br/>Beauté</a><div class="hovered_big_menu" id="4122"><div class="menu-panel"><div class="menu-listes-container float-container"><div class="menu-listes"><ul class="menu menu-horizontal menu_left"><li><h3><a title="RR2038" rel="page-492" href="id3/412/492.html">Corps</a></h3><ul class="menu"><li><a href="hygi%25C3%25A8ne-beaut%25C3%25A9/corps/douche,-bain/id0/746.html">Douche, Bain</a></li><li><a href="hygi%25C3%25A8ne-beaut%25C3%25A9/corps/savons/id0/748.html">Savons</a></li><li><a href="hygi%25C3%25A8ne-beaut%25C3%25A9/corps/d%25C3%25A9odorants/id0/744.html">Déodorants</a></li><li><a href="hygi%25C3%25A8ne-beaut%25C3%25A9/corps/cr%25C3%25A8mes,-soins-du-corps/id0/745.html">Crèmes, Soins du Corps</a></li><li><a href="hygi%25C3%25A8ne-beaut%25C3%25A9/corps/soins-mains,-pieds/id0/751.html">Soins Mains, Pieds</a></li><li><a href="hygi%25C3%25A8ne-beaut%25C3%25A9/corps/epilation-f%25C3%25A9minine/id0/750.html">Epilation Féminine</a></li><li><a href="hygi%25C3%25A8ne-beaut%25C3%25A9/corps/hygi%25C3%25A8ne-intime/id0/749.html">Hygiène intime</a></li><li><a href="hygi%25C3%25A8ne-beaut%25C3%25A9/corps/solaires/id0/754.html">Solaires</a></li></ul></li><li><h3><a title="RR2037" rel="page-491" href="id3/412/491.html">Cheveux</a></h3><ul class="menu"><li><a href="hygi%25C3%25A8ne-beaut%25C3%25A9/cheveux/shampooings/id0/743.html">Shampooings</a></li><li><a href="hygi%25C3%25A8ne-beaut%25C3%25A9/cheveux/apr%25C3%25A8s-shampooings/id0/738.html">Après shampooings</a></li><li><a href="hygi%25C3%25A8ne-beaut%25C3%25A9/cheveux/masques,-soins-capillaires/id0/741.html">Masques, Soins Capillaires</a></li><li><a href="hygi%25C3%25A8ne-beaut%25C3%25A9/cheveux/coiffants/id0/740.html">Coiffants</a></li></ul></li><li><h3><a title="RR2036" rel="page-493" href="id3/412/493.html">Visage</a></h3><ul class="menu"><li><a href="hygi%25C3%25A8ne-beaut%25C3%25A9/visage/cotons,-lingettes/id0/761.html">Cotons, Lingettes</a></li><li><a href="hygi%25C3%25A8ne-beaut%25C3%25A9/visage/toilette-du-visage/id0/766.html">Toilette du Visage</a></li><li><a href="hygi%25C3%25A8ne-beaut%25C3%25A9/visage/soins-dentaires/id0/764.html">Soins Dentaires</a></li><li><a href="hygi%25C3%25A8ne-beaut%25C3%25A9/visage/soins-du-visage/id0/767.html">Soins du Visage</a></li><li><a href="hygi%25C3%25A8ne-beaut%25C3%25A9/visage/maquillage/id0/765.html">Maquillage</a></li></ul></li><li><h3><a title="Hommes" rel="page-433468" href="id3/412/433468.html">Hommes</a></h3><ul class="menu"><li><a href="hygi%25C3%25A8ne-beaut%25C3%25A9/hommes/rasage,-soins-hommes/id0/763.html">Rasage, Soins Hommes</a></li><li><a href="hygi%25C3%25A8ne-beaut%25C3%25A9/hommes/cheveux/id0/739.html">Cheveux</a></li><li><a href="hygi%25C3%25A8ne-beaut%25C3%25A9/hommes/douche,-bain/id0/747.html">Douche, Bain</a></li><li><a href="hygi%25C3%25A8ne-beaut%25C3%25A9/hommes/d%25C3%25A9odorants/id0/1707.html">Déodorants</a></li></ul></li><li><h3><a title="RR2040" rel="page-494" href="id3/412/494.html">Papier, Parapharmacie</a></h3><ul class="menu"><li><a href="hygi%25C3%25A8ne-beaut%25C3%25A9/papier,-parapharmacie/papiers-toilette/id0/753.html">Papiers toilette</a></li><li><a href="hygi%25C3%25A8ne-beaut%25C3%25A9/papier,-parapharmacie/essuie-tout/id0/752.html">Essuie-tout</a></li><li><a href="hygi%25C3%25A8ne-beaut%25C3%25A9/papier,-parapharmacie/mouchoirs/id0/756.html">Mouchoirs</a></li><li><a href="hygi%25C3%25A8ne-beaut%25C3%25A9/papier,-parapharmacie/parapharmacie/id0/495.html">Parapharmacie</a></li><li><a href="hygi%25C3%25A8ne-beaut%25C3%25A9/papier,-parapharmacie/solaires/id0/759.html">Solaires</a></li></ul></li><li><h3><a title="Hygiène Beauté Bio" rel="page-689162" href="id3/412/689162.html">Hygiène Beauté Bio</a></h3><ul class="menu"><li><a href="hygi%25C3%25A8ne-beaut%25C3%25A9/hygi%25C3%25A8ne-beaut%25C3%25A9-bio/cotons,-lingettes/id0/689163.html">Cotons, Lingettes </a></li><li><a href="hygi%25C3%25A8ne-beaut%25C3%25A9/hygi%25C3%25A8ne-beaut%25C3%25A9-bio/cr%25C3%25A8mes,-soins-du-corps/id0/689164.html">Crèmes, Soins du corps </a></li><li><a href="hygi%25C3%25A8ne-beaut%25C3%25A9/hygi%25C3%25A8ne-beaut%25C3%25A9-bio/d%25C3%25A9odorants/id0/689165.html">Déodorants</a></li><li><a href="hygi%25C3%25A8ne-beaut%25C3%25A9/hygi%25C3%25A8ne-beaut%25C3%25A9-bio/douches,-bains/id0/689166.html">Douches, Bains </a></li><li><a href="hygi%25C3%25A8ne-beaut%25C3%25A9/hygi%25C3%25A8ne-beaut%25C3%25A9-bio/shampooings/id0/689168.html">Shampooings Bio</a></li><li><a href="hygi%25C3%25A8ne-beaut%25C3%25A9/hygi%25C3%25A8ne-beaut%25C3%25A9-bio/soins-du-visage/id0/689169.html">Soins du visage Bio</a></li><li><a href="hygi%25C3%25A8ne-beaut%25C3%25A9/hygi%25C3%25A8ne-beaut%25C3%25A9-bio/toilette-du-visage/id0/689170.html">Toilette du visage Bio</a></li></ul></li></ul><?xml version="1.0" encoding="UTF-8"?><a href="http://www.auchandirect.fr/rayon/872513"><img src="http://www.auchandirect.fr/static/s1213hygiene.jpg" alt="Promo sur Tahiti" title="Promo sur Tahiti" width="150" height="275" /></a>    
<div class="clear"></div></div><div class="clear"></div></div></div></div></li><li><a title="RR1011" href="rayon.pagetemplate.fancycloseprovidergabarit.closebuttonhk%3Ft:ac=promos.html#">Entretien</a><div class="hovered_big_menu" id="4142"><div class="menu-panel"><div class="menu-listes-container float-container"><div class="menu-listes"><ul class="menu menu-horizontal menu_left"><li><h3><a title="RR2045" rel="page-499" href="id3/414/499.html">Papiers</a></h3><ul class="menu"><li><a href="entretien/papiers/essuies-tout/id0/775.html">Essuies tout</a></li><li><a href="entretien/papiers/mouchoirs/id0/774.html">Mouchoirs</a></li><li><a href="entretien/papiers/papiers-toilette/id0/776.html">Papiers toilette</a></li></ul></li><li><h3><a title="RR2041" rel="page-500" href="id3/414/500.html">Soin du Linge</a></h3><ul class="menu"><li><a href="entretien/soin-du-linge/lessives/id0/792.html">Lessives</a></li><li><a href="entretien/soin-du-linge/assouplissants/id0/790.html">Assouplissants</a></li><li><a href="entretien/soin-du-linge/aides-au-lavage/id0/788.html">Aides au Lavage</a></li></ul></li><li><h3><a title="RR2043" rel="page-497" href="id3/414/497.html">Produits ménagers</a></h3><ul class="menu"><li><a href="entretien/produits-m%25C3%25A9nagers/cuisine,-salle-de-bain,-javel/id0/778.html">Cuisine, Salle de bain, Javel</a></li><li><a href="entretien/produits-m%25C3%25A9nagers/multi-usages/id0/784.html">Multi-usages</a></li><li><a href="entretien/produits-m%25C3%25A9nagers/lingettes-nettoyantes/id0/780.html">Lingettes Nettoyantes</a></li><li><a href="entretien/produits-m%25C3%25A9nagers/sols/id0/785.html">Sols</a></li><li><a href="entretien/produits-m%25C3%25A9nagers/vitres,-meubles/id0/787.html">Vitres, Meubles</a></li><li><a href="entretien/produits-m%25C3%25A9nagers/wc,-d%25C3%25A9boucheurs/id0/789.html">WC, Déboucheurs</a></li><li><a href="entretien/produits-m%25C3%25A9nagers/produits-ecolo/id0/786.html">Produits Ecolo</a></li></ul></li><li><h3><a title="RR2042" rel="page-496" href="id3/414/496.html">Vaisselle</a></h3><ul class="menu"><li><a href="entretien/vaisselle/lavage-en-machine/id0/793.html">Lavage en Machine</a></li><li><a href="entretien/vaisselle/liquides-vaisselle/id0/795.html">Liquides Vaisselle</a></li><li><a href="entretien/vaisselle/gants,-eponges/id0/794.html">Gants, Eponges</a></li></ul></li><li><h3><a title="RR2044" rel="page-498" href="id3/414/498.html">Cuisine</a></h3><ul class="menu"><li><a href="entretien/cuisine/sacs-poubelle/id0/773.html">Sacs Poubelle</a></li><li><a href="entretien/cuisine/aides-%25C3%25A0-la-conservation,-cuisson/id0/768.html">Aides à la Conservation, Cuisson</a></li><li><a href="entretien/cuisine/bo%25C3%25AEtes-herm%25C3%25A9tiques,-vaisselle-jetable/id0/770.html">Boîtes Hermétiques, Vaisselle Jetable</a></li><li><a href="entretien/cuisine/ustensiles-de-cuisine,-filtres-%25C3%25A0-caf%25C3%25A9/id0/769.html">Ustensiles de cuisine, Filtres à café</a></li><li><a href="entretien/cuisine/gants,-eponges/id0/772.html">Gants, Eponges</a></li></ul></li><li><h3><a title="Entretien Bio" rel="page-685085" href="id3/414/685085.html">Entretien Bio</a></h3><ul class="menu"><li><a href="entretien/entretien-bio/produits-m%25C3%25A9nagers/id0/685092.html">Produits ménagers </a></li><li><a href="entretien/entretien-bio/cuisine/id0/685098.html">Cuisine</a></li><li><a href="entretien/entretien-bio/papier/id0/687254.html">Papier Bio</a></li><li><a href="entretien/entretien-bio/vaisselle/id0/687255.html">Vaisselle </a></li></ul></li></ul><?xml version="1.0" encoding="UTF-8"?><a href="http://www.auchandirect.fr/rayon/872512"><img src="http://www.auchandirect.fr/static/s1213entretien.jpg" alt="Promo sur Moltonel" title="Promo sur Moltonel" width="150" height="275" /></a>    
<div class="clear"></div></div><div class="clear"></div></div></div></div></li><li><a title="RR1013" href="rayon.pagetemplate.fancycloseprovidergabarit.closebuttonhk%3Ft:ac=promos.html#">Animaux<br/>Maison</a><div class="hovered_big_menu" id="4152"><div class="menu-panel"><div class="menu-listes-container float-container"><div class="menu-listes"><ul class="menu menu-horizontal menu_left"><li><h3><a title="RR2051" rel="page-501" href="id3/415/501.html">Animaux</a></h3><ul class="menu"><li><a href="animaux-maison/animaux/chats/id0/797.html">Chats</a></li><li><a href="animaux-maison/animaux/chiens/id0/798.html">Chiens</a></li><li><a href="animaux-maison/animaux/rongeurs---autres-animaux/id0/796.html">Rongeurs - Autres animaux</a></li></ul></li><li><h3><a title="RR2054" rel="page-503" href="id3/415/503.html">Droguerie</a></h3><ul class="menu"><li><a href="animaux-maison/droguerie/d%25C3%25A9sodorisants/id0/802.html">Désodorisants</a></li><li><a href="animaux-maison/droguerie/bougies,-allumettes/id0/799.html">Bougies, Allumettes</a></li><li><a href="animaux-maison/droguerie/insecticides/id0/803.html">Insecticides</a></li><li><a href="animaux-maison/droguerie/cirages/id0/801.html">Cirages</a></li></ul></li><li><h3><a title="RR2055" rel="page-505" href="id3/415/505.html">Maison pratique</a></h3><ul class="menu"><li><a href="animaux-maison/maison-pratique/accessoires-cuisine/id0/804.html">Accessoires Cuisine</a></li><li><a href="animaux-maison/maison-pratique/ampoules,-piles/id0/806.html">Ampoules, Piles</a></li><li><a href="animaux-maison/maison-pratique/allumettes/id0/808.html">Allumettes</a></li><li><a href="animaux-maison/maison-pratique/divers/id0/805.html">Divers</a></li></ul></li><li><h3><a title="RR2056" rel="page-504" href="id3/415/504.html">Papeterie</a></h3><ul class="menu"><li><a href="animaux-maison/papeterie/ecriture/id0/813.html">Ecriture</a></li><li><a href="animaux-maison/papeterie/papiers,-cahiers/id0/812.html">Papiers, Cahiers</a></li><li><a href="animaux-maison/papeterie/cartouches-imprimantes/id0/809.html">Cartouches imprimantes</a></li></ul></li><li><h3><a title="RR2052" rel="page-502" href="id3/415/502.html">Textile</a></h3><ul class="menu"><li><a href="animaux-maison/textile/collants,-leggings/id0/815.html">Collants, Leggings</a></li><li><a href="animaux-maison/textile/bas,-mi-bas/id0/814.html">Bas, Mi-bas</a></li><li><a href="animaux-maison/textile/destockage/id0/924212.html">Destockage</a></li></ul></li></ul><?xml version="1.0" encoding="UTF-8"?><a href="http://www.auchandirect.fr/rayon/565021"><img src="http://www.auchandirect.fr/static/s1213maison.jpg" alt="Promo sur Whiskas" title="Promo sur Whiskas" width="150" height="275" /></a>    
<div class="clear"></div></div><div class="clear"></div></div></div></div></li><li><a title="titre Boutiques" rel="page-boutiques" href="rayon.pagetemplate.fancycloseprovidergabarit.closebuttonhk%3Ft:ac=promos.html#">Boutiques</a><div class="hovered_big_menu" id="4152"><div class="menu-panel"><div class="menu-listes-container float-container"><?xml version="1.0" encoding="UTF-8"?><div class="boutique-cont" style="background: none repeat scroll 0% 0% #ffffff; border-radius: 8px 8px 8px 8px; padding: 5px">
<div class="promo-moment" style="width: 590px; margin: 0px 0px 10px; float: left">
<h1>&Agrave; ne pas rater en ce moment</h1>
<ul>
	<li style="padding: 0px 12px; margin: 17px 0px">	
	<a style="background: none repeat scroll 0% 0% transparent ! important; border-left: medium none ! important; margin: 0px ! important; height: auto" href="http://www.auchandirect.fr/rayon/653712"><img src="http://www.auchandirect.fr/static/produitsmoins1euro.jpg" alt="Faites-vous plaisir!" /></a>	
	<h2>Faites-vous plaisir &agrave; petit prix</h2>	
	<p>
	Retrouvez plus de 100 produits du quotidien &agrave; moins d'1 euro  	
	</p>
	<a href="http://www.auchandirect.fr/rayon/653712">&gt;&gt; Voir les offres</a>	</li>	
	<li style="padding: 0px 12px; margin: 17px 0px"><a style="background: none repeat scroll 0% 0% transparent ! important; border-left: medium none ! important; margin: 0px ! important; height: auto" href="rayon.pagetemplate.fancycloseprovidergabarit.closebuttonhk%3Ft:ac=promos.html"><img src="http://www.auchandirect.fr/static/100promos.jpg" alt="Bonne Ann&eacute;e!" /> 	</a>	
	<h2>En promotion en ce moment ...</h2>	
	<p>
	Plus de 100 promos vous attendent chaque semaine
	</p>
	<a href="rayon.pagetemplate.fancycloseprovidergabarit.closebuttonhk%3Ft:ac=promos.html">&gt;&gt; Voir les offres</a>	</li>
</ul>
</div>
<div class="produits-a-decouvrir" style="float: right; margin: 0px 0px 10px">
<h2 style="color: #ffffff; background: none repeat scroll 0% 0% #ff7f1e; border-radius: 6px 6px 0px 0px">Je ma&icirc;trise mon budget</h2>
<ul>
	<li class="first-bord" style="float: left; border-top: 1px solid #ff7f1e ! important; padding-left: 9px">	<a style="background: none repeat scroll 0% 0% transparent ! important; border-left: medium none ! important; padding: 0px; margin: 0px ! important; float: left" href="http://www.auchandirect.fr/rayon/471412"><img src="http://www.auchandirect.fr/static/produitsauchan2.gif" alt="Produits Auchan" /></a>  	
	<div class="infos">
	<h3 style="font-size: 1.2em">Produits Auchan</h3>	
	<p style="font-size: 12px">
	Retrouvez une s&eacute;lection de pr&egrave;s de 100 produits Auchan du quotidien &agrave; petit prix	
	</p>
	<a style="border: medium none ! important; padding-left: 0px ! important" href="http://www.auchandirect.fr/rayon/471412">&gt;&gt; 	Parcourir</a>	
	</div>
	</li>	
	<li style="float: left; padding-left: 9px">	
	<a style="background: none repeat scroll 0% 0% transparent ! important; border-left: medium none ! important; padding: 0px; margin: 0px ! important; float: left" href="http://www.auchandirect.fr/rayon/82018"><img src="http://www.auchandirect.fr/static/bio1euro.gif" alt="Bioa1euro" /></a>
	<div class="infos">
	<h3 style="font-size: 1.2em">Le bio &agrave; moins d' 1 euro</h3>
	<p style="font-size: 12px">
	Restez bio toute l'ann&eacute;e sans vous ruiner !<a style="border: medium none ! important; padding-left: 0px ! important" href="http://www.auchandirect.fr/rayon/82018">&gt;&gt; D&eacute;couvrir</a>	
	</p>
	</div>
	</li>	
	<li style="float: left; padding-left: 9px">	<a style="background: none repeat scroll 0% 0% transparent ! important; border-left: medium none ! important; padding: 0px; margin: 0px ! important; float: left"><img src="http://www.auchandirect.fr/static/riketrok.gif" alt="Rik et Rok" /></a>	
	<div class="infos">
	<h3 style="font-size: 1.2em">Rik&amp;Rok</h3>	
	<p style="font-size: 12px">
	La gamme ludique et savoureuse pour le plus grand bonheur de vos enfants !	
	</p>
	<a style="border: medium none ! important; padding-left: 0px ! important" href="http://www.auchandirect.fr/rayon/562314">&gt;&gt; D&eacute;couvrir</a>	
	</div>
	</li>
</ul>
</div>
<div class="promo-bottom" style="margin: 0px ! important; overflow: hidden">
<a style="background: none repeat scroll 0% 0% transparent ! important; border-left: medium none ! important; padding: 0px; margin: 0px ! important; float: left" href="http://auchandirect.photobox.fr/content/private-sales?cid=banvpi012013"><img src="http://www.auchandirect.fr/static/photobox.jpg" alt="Auchan direct photo" /></a>
<h1 style="width: 440px">Offre de bienvenue : <span> 50 tirages photos offerts</span></h1>
<a style="border: medium none ! important" href="http://auchandirect.photobox.fr/inscription?cid=banpermanente" class="btn-offre">J'y vais !</a>
</div>
</div>
</div></div></div></li></ul></div><div><script language="javascript">
var tc_vars = new Array();
/* Partie Environnement */
tc_vars["env_template"]="Sous Rayon";
tc_vars["env_work"]="prod";
tc_vars["env_channel"]="web";
tc_vars["env_language"]="français";
tc_vars["env_country"]="France";
tc_vars["env_dnt"]="disabled";
/* Partie Users */
tc_vars["user_rcw"]="";
tc_vars["user_id"]="";
tc_vars["user_gender"]="";
tc_vars["user_category"]="";
tc_vars["user_recency"]="";
tc_vars["user_frequency"]="";
tc_vars["user_amount"]="";
tc_vars["user_smb"]="";
tc_vars["user_logged"]="0";
tc_vars["user_age"]="";
tc_vars["user_scoring"]="000";
tc_vars["user_store"]="Morangis";
tc_vars["user_postalcode"]="91420";
/* Partie Tree structure */
tc_vars["page_cat1"]="promos";
tc_vars["page_cat2"]="";
tc_vars["page_cat3"]="";
tc_vars["page_name"]="Courses en ligne, livraison à domicile en 24h - Auchandirect.fr";
tc_vars["page_error"]="";
/* Partie Panier */
tc_vars["order_id"]="";
tc_vars["basket_id"]="0";
tc_vars["order_amount_ati_without_sf"]="";
tc_vars["order_amount_ati_with_sf"]="";
tc_vars["order_discount_ati"]="";
tc_vars["order_ship_ati"]="";
tc_vars["order_amount_tf_without_sf"]="";
tc_vars["order_amount_tf_with_sf"]="";
tc_vars["order_discount_tf"]="";
tc_vars["order_ship_tf"]="";
tc_vars["order_newcustomer"]="";
tc_vars["order_tax"]="";
tc_vars["order_payment_methods"]="";
tc_vars["order_shipping_method"]="LAD";
tc_vars["order_status"]="";
tc_vars["order_promo_codes"]="";
tc_vars["order_currency"]="";
tc_vars["order_email"]="";
tc_vars["order_email_optin"]="";
tc_vars["order_products_number"]="0";

tc_vars["order_products"] = new Array();

/* Partie Produit */
tc_vars["product_id"]="";
tc_vars["product_id_cug"]="";
tc_vars["product_id_upsell1"]="";
tc_vars["product_id_upsell2"]="";
tc_vars["product_id_upsell3"]="";
tc_vars["product_id_crossell1"]="";
tc_vars["product_id_crossell2"]="";
tc_vars["product_id_crossell3"]="";
tc_vars["product_name"]="";
tc_vars["product_unitprice_ati"]="";
tc_vars["product_unitprice_tf"]="";
tc_vars["product_currency"]="";
tc_vars["product_trademark"]="";
tc_vars["product_url_page"]="";
tc_vars["product_url_picture"]="";
tc_vars["product_isbundle"]="";
tc_vars["product_breadcrumb_id"]="";
tc_vars["product_breadcrumb_label"]="";
tc_vars["product_rating"]="";
tc_vars["product_instock"]="";
/* Partie Liste Produit */
tc_vars["list_products"] = new Array();

tc_vars["list_products"][0] = new Array();
tc_vars["list_products"][0]["list_product_id"]="68974";
tc_vars["list_products"][0]["list_product_id_cug"]="60449";
tc_vars["list_products"][0]["list_product_id_upsell1"]="";
tc_vars["list_products"][0]["list_product_id_upsell2"]="";
tc_vars["list_products"][0]["list_product_id_upsell3"]="";
tc_vars["list_products"][0]["list_product_id_crossell1"]="";
tc_vars["list_products"][0]["list_product_id_crossell2"]="";
tc_vars["list_products"][0]["list_product_id_crossell3"]="";
tc_vars["list_products"][0]["list_product_name"]="Gigot d'agneau";
tc_vars["list_products"][0]["list_product_unitprice_ati"]="14.99€";
tc_vars["list_products"][0]["list_product_discount_ati"]="17.99€";
tc_vars["list_products"][0]["list_product_unitprice_tf"]="14.99€";
tc_vars["list_products"][0]["list_product_currency"]="EUR";
tc_vars["list_products"][0]["list_product_trademark"]="AGNEAU";
tc_vars["list_products"][0]["list_product_url_page"]="http://www.refonte.auchandirect.fr/detailproduit/470/60449";
tc_vars["list_products"][0]["list_product_url_picture"]="http://www.refonte.auchandirect.fr/static/images/products/detail/60449.jpg";
tc_vars["list_products"][0]["list_product_isbundle"]="N";
tc_vars["list_products"][0]["list_product_breadcrumb_id"]="470";
tc_vars["list_products"][0]["list_product_breadcrumb_label"]="Viandes, Produits de la Mer";
tc_vars["list_products"][0]["list_product_rating"]="";
tc_vars["list_products"][0]["list_product_instock"]="Y";
tc_vars["list_products"][0]["list_product_totalprice_tf"]="14.99€"
tc_vars["list_products"][0]["list_product_trademark"]="AGNEAU"

tc_vars["list_products"][1] = new Array();
tc_vars["list_products"][1]["list_product_id"]="59737";
tc_vars["list_products"][1]["list_product_id_cug"]="101013";
tc_vars["list_products"][1]["list_product_id_upsell1"]="";
tc_vars["list_products"][1]["list_product_id_upsell2"]="";
tc_vars["list_products"][1]["list_product_id_upsell3"]="";
tc_vars["list_products"][1]["list_product_id_crossell1"]="";
tc_vars["list_products"][1]["list_product_id_crossell2"]="";
tc_vars["list_products"][1]["list_product_id_crossell3"]="";
tc_vars["list_products"][1]["list_product_name"]="Champagne brut";
tc_vars["list_products"][1]["list_product_unitprice_ati"]="19.91€";
tc_vars["list_products"][1]["list_product_discount_ati"]="20.99€";
tc_vars["list_products"][1]["list_product_unitprice_tf"]="19.91€";
tc_vars["list_products"][1]["list_product_currency"]="EUR";
tc_vars["list_products"][1]["list_product_trademark"]="ALFRED ROTHSCHILD";
tc_vars["list_products"][1]["list_product_url_page"]="http://www.refonte.auchandirect.fr/detailproduit/506/101013";
tc_vars["list_products"][1]["list_product_url_picture"]="http://www.refonte.auchandirect.fr/static/images/products/detail/101013.jpg";
tc_vars["list_products"][1]["list_product_isbundle"]="N";
tc_vars["list_products"][1]["list_product_breadcrumb_id"]="506";
tc_vars["list_products"][1]["list_product_breadcrumb_label"]="Vins et Champagnes";
tc_vars["list_products"][1]["list_product_rating"]="";
tc_vars["list_products"][1]["list_product_instock"]="Y";
tc_vars["list_products"][1]["list_product_totalprice_tf"]="19.91€"
tc_vars["list_products"][1]["list_product_trademark"]="ALFRED ROTHSCHILD"

tc_vars["list_products"][2] = new Array();
tc_vars["list_products"][2]["list_product_id"]="59326";
tc_vars["list_products"][2]["list_product_id_cug"]="100270";
tc_vars["list_products"][2]["list_product_id_upsell1"]="";
tc_vars["list_products"][2]["list_product_id_upsell2"]="";
tc_vars["list_products"][2]["list_product_id_upsell3"]="";
tc_vars["list_products"][2]["list_product_id_crossell1"]="";
tc_vars["list_products"][2]["list_product_id_crossell2"]="";
tc_vars["list_products"][2]["list_product_id_crossell3"]="";
tc_vars["list_products"][2]["list_product_name"]="Gel liquide";
tc_vars["list_products"][2]["list_product_unitprice_ati"]="1.37€";
tc_vars["list_products"][2]["list_product_discount_ati"]="1.96€";
tc_vars["list_products"][2]["list_product_unitprice_tf"]="1.37€";
tc_vars["list_products"][2]["list_product_currency"]="EUR";
tc_vars["list_products"][2]["list_product_trademark"]="ANTIKAL";
tc_vars["list_products"][2]["list_product_url_page"]="http://www.refonte.auchandirect.fr/detailproduit/497/100270";
tc_vars["list_products"][2]["list_product_url_picture"]="http://www.refonte.auchandirect.fr/static/images/products/detail/100270.jpg";
tc_vars["list_products"][2]["list_product_isbundle"]="N";
tc_vars["list_products"][2]["list_product_breadcrumb_id"]="497";
tc_vars["list_products"][2]["list_product_breadcrumb_label"]="Produits ménagers";
tc_vars["list_products"][2]["list_product_rating"]="";
tc_vars["list_products"][2]["list_product_instock"]="Y";
tc_vars["list_products"][2]["list_product_totalprice_tf"]="1.37€"
tc_vars["list_products"][2]["list_product_trademark"]="ANTIKAL"

tc_vars["list_products"][3] = new Array();
tc_vars["list_products"][3]["list_product_id"]="469996";
tc_vars["list_products"][3]["list_product_id_cug"]="LV0000002059";
tc_vars["list_products"][3]["list_product_id_upsell1"]="";
tc_vars["list_products"][3]["list_product_id_upsell2"]="";
tc_vars["list_products"][3]["list_product_id_upsell3"]="";
tc_vars["list_products"][3]["list_product_id_crossell1"]="";
tc_vars["list_products"][3]["list_product_id_crossell2"]="";
tc_vars["list_products"][3]["list_product_id_crossell3"]="";
tc_vars["list_products"][3]["list_product_name"]="LV_APERICUBE Cocktail, 250 g";
tc_vars["list_products"][3]["list_product_unitprice_ati"]="8.18€";
tc_vars["list_products"][3]["list_product_discount_ati"]="12.27€";
tc_vars["list_products"][3]["list_product_unitprice_tf"]="8.18€";
tc_vars["list_products"][3]["list_product_currency"]="EUR";
tc_vars["list_products"][3]["list_product_trademark"]="APERICUBE";
tc_vars["list_products"][3]["list_product_url_page"]="http://www.refonte.auchandirect.fr/detailproduit/445712/LV0000002059";
tc_vars["list_products"][3]["list_product_url_picture"]="http://www.refonte.auchandirect.fr/static/images/products/detail/LV0000002059.jpg";
tc_vars["list_products"][3]["list_product_isbundle"]="Y";
tc_vars["list_products"][3]["list_product_breadcrumb_id"]="445712";
tc_vars["list_products"][3]["list_product_breadcrumb_label"]="Produits Salés Apéritifs";
tc_vars["list_products"][3]["list_product_rating"]="";
tc_vars["list_products"][3]["list_product_instock"]="Y";
tc_vars["list_products"][3]["list_product_totalprice_tf"]="8.18€"
tc_vars["list_products"][3]["list_product_trademark"]="APERICUBE"

tc_vars["list_products"][4] = new Array();
tc_vars["list_products"][4]["list_product_id"]="469997";
tc_vars["list_products"][4]["list_product_id_cug"]="LV0000002060";
tc_vars["list_products"][4]["list_product_id_upsell1"]="";
tc_vars["list_products"][4]["list_product_id_upsell2"]="";
tc_vars["list_products"][4]["list_product_id_upsell3"]="";
tc_vars["list_products"][4]["list_product_id_crossell1"]="";
tc_vars["list_products"][4]["list_product_id_crossell2"]="";
tc_vars["list_products"][4]["list_product_id_crossell3"]="";
tc_vars["list_products"][4]["list_product_name"]="LV_Best of des saveurs, 250 g";
tc_vars["list_products"][4]["list_product_unitprice_ati"]="8.18€";
tc_vars["list_products"][4]["list_product_discount_ati"]="12.27€";
tc_vars["list_products"][4]["list_product_unitprice_tf"]="8.18€";
tc_vars["list_products"][4]["list_product_currency"]="EUR";
tc_vars["list_products"][4]["list_product_trademark"]="APERICUBE";
tc_vars["list_products"][4]["list_product_url_page"]="http://www.refonte.auchandirect.fr/detailproduit/445712/LV0000002060";
tc_vars["list_products"][4]["list_product_url_picture"]="http://www.refonte.auchandirect.fr/static/images/products/detail/LV0000002060.jpg";
tc_vars["list_products"][4]["list_product_isbundle"]="Y";
tc_vars["list_products"][4]["list_product_breadcrumb_id"]="445712";
tc_vars["list_products"][4]["list_product_breadcrumb_label"]="Produits Salés Apéritifs";
tc_vars["list_products"][4]["list_product_rating"]="";
tc_vars["list_products"][4]["list_product_instock"]="Y";
tc_vars["list_products"][4]["list_product_totalprice_tf"]="8.18€"
tc_vars["list_products"][4]["list_product_trademark"]="APERICUBE"

/* Partie Recherche */
tc_vars["search_keywords"]="";
tc_vars["search_page_number"]="";
tc_vars["search_results_number"]="";
tc_vars["search_filters"]="";
</script><script src="http://www.auchandirect.fr/static/scripts/tc_AuchanDirect_1.js" type="text/javascript"></script><NOSCRIPT><IFRAME height="1" width="1" src="http://redirect234.tagcommander.com/utils/noscript.php?id=1&amp;mode=iframe"></IFRAME></NOSCRIPT></div><div class="float-container" id="content"><div class="top-content float-container"><div class="main-content"><!-- zone edit - Bannière haute --><div class="zone-admin diff-zone"></div><!-- DEBUT DE LA BARRE TITRE --><!-- div id="wrap-liste-produits-nav" class="">
						<div id="liste-produits-nav" class="clear-container float-container">
					
							
							
							<div id="liste-produits-tri" class="float-container">
							
							<div class="titre-produits">
								<h2>
									<span class="titre-principal">
										<t:outputraw value="categoryTitle" />
									</span>
									<span class="titre-secondaire"> ${nbProductsMsg}</span>
								</h2>
							</div>
							
							<t:zone t:id="headerListZone" t:update="show">
							<form t:type="form" t:id="sortForm" t:zone="productListZone" t:autofocus="false">
							<p class="liste-produits-choix-affichage" t:type="zone" t:update="show" id="productDisplayTypeZone">
									<p class="liste-produits-choix-affichage">
										<select t:type="select" t:id="sort" class="form-select" t:blankOption="NEVER" onChange="document.getElementById('sortBySubmit').click();" />
										<input type="submit" id="sortBySubmit" style="display:none;" />
										
										<a t:type="actionlink" t:id="list" t:zone="productListZone" class="bt-liste ${pdtDisplayListStyle}">${message:category.display.type.list}</a>
										<a t:type="actionlink" t:id="thumbnail" t:zone="productListZone" class="bt-grille ${pdtDisplayGridStyle}">${message:category.display.type.thumbnail}</a>
									</p>
								</p>
								</form>
								
								</t:zone>
								
								
							</div>
							
							<ul t:type="zone" id="labelZone" t:update="show" class="liste-produits-menu menu menu-horizontal clear-container">
								<t:delegate to="labelBlock" / --><!-- liste des capsules de tri (marques) --><!-- t:block t:id="labelBlock">
									
									<li class="item">
									<t:if test="isAllSubCatActive">
											<a class="active">${message:category.sub.all}</a>
										<p:else>
											<a t:type="actionlink" t:zone="labelZone" t:id="showAll">${message:category.sub.all}</a>
										</p:else>
									</t:if>
									</li>	
										
									<t:if test="specificCategory">
										<t:loop source="categoriesAll" value="cat">
											<li class="item">
												<t:if test="isCatDisable">
													<a class="non_active">${cat.label}</a>
												<p:else>
													<t:if test="isCatActive">
														<a class="active">${cat.label}</a>
													<p:else>
														<a t:type="actionlink" t:zone="labelZone" t:id="viewCat" t:context="cat.shelfId">${cat.label}</a>
													</p:else>
													</t:if>
												</p:else>
												</t:if>
											</li>
										</t:loop>
									</t:if>	
										
									<t:unless test="specificCategory">
										<t:loop source="subCategories" value="subCat">
											<li class="item">
												<t:if test="isSubCatDisable">
													<a class="non_active">${subCat.label}</a>
												<p:else>
													<t:if test="isSubCatActive">
														<a class="active">${subCat.label}</a>
													<p:else>
														<a t:type="actionlink" t:zone="labelZone" t:id="viewSubCat" t:context="subCat.shelfId">${subCat.label}</a>
													</p:else>
													</t:if>
												</p:else>
												</t:if>
											</li>
										</t:loop>
										
										<t:if test="hasBioFilter">
											<li class="bio">
												<a t:type="actionlink" t:zone="labelZone" t:id="bioLabel">${message:category.label.bio}</a>
											</li>
										</t:if>
										
									</t:unless>
									
								<t:if test="showPromo">
									<t:if test="isPromoCatActive">
										<li class="item caseprom">
											<a class="menu-top-promos activo" title="promos">${message:specificcategory.promotions}</a>
										</li>
									<p:else>
										<li class="item">
											<a class="menu-top-promos" title="promos" t:type="actionlink" t:zone="productListZone" t:id="filterPromos">${message:specificcategory.promotions}</a>
										</li>
									</p:else>
									</t:if>
									<p:else>
										<t:if test="isNotPromoPage">
											<li class="item">
												<a class="non_active" title="promos">${message:specificcategory.promotions}</a>
											</li>
										</t:if>
									</p:else>
								</t:if>
								
								<t:if test="showNews">
									<t:if test="isNewsCatActive">
										<li class="item">
											<a class="menu-top-nouveautes activon" title="nouveautes">${message:specificcategory.news}</a>
										</li>
									<p:else>
										<li class="item">
											<a class="menu-top-nouveautes" title="nouveautes" t:type="actionlink" t:zone="productListZone" t:id="filterNews">${message:specificcategory.news}</a>
										</li>
									</p:else>
									</t:if>
									<p:else>
										<t:if test="isNotNewsPage">
											<li class="item">
												<a class="non_active" title="nouveautes">${message:specificcategory.news}</a>
											</li>
										</t:if>
									</p:else>
								</t:if>
								
								<t:if test="showPdtAuchan">
									<t:if test="isAuchanCatActive">
										<li class="item">
											<a class="menu-top-produits-auchan activen" title="produits Auchan">${message:specificcategory.retailer_brand}</a>
										</li>
										<p:else>
											<li class="item">
												<a class="menu-top-produits-auchan" title="produits Auchan" t:type="actionlink" t:zone="productListZone" t:id="filterAuchan">${message:specificcategory.retailer_brand}</a>
											</li>
										</p:else>
									</t:if>
									<p:else>
										<t:if test="isNotAuchanPage">
											<li class="item">
												<a class="non_active" title="produits Auchan">${message:specificcategory.retailer_brand}</a>
											</li>
										</t:if>
									</p:else>
								</t:if>
								</t:block>
						</ul>
						</div>
						
						<div class="clear"></div>
						
						<t:zone t:id="moreProductListZone" t:update="show">
						<t:if test="!specificCategory">
								<t:if test="brands">
										<t:if test="isBrandFilterExpanded">
											<p class="link_hide_marque" style="display: block;">
											<a t:type="actionlink" t:zone="labelZone" t:id="hideAllBrands" title="${message:category.brands.hide.title}">${maskAllBrandsLink}</a>
											<img src="/static/images/down_arrow.png" />
											</p>
											
												<ul id="" class="liste-produits-menu menu menu-horizontal clear-container marques_liste" style="display: block;">
													<t:loop source="brands" value="brand">
														<li class="item">
															<t:if test="isBrandDisable">
																<a class="non_active">${brand}</a>
															<p:else>
																<t:if test="isBrandActive">
																	<a class="active">${brand}</a>
																<p:else>
																	<a t:type="actionlink" t:zone="labelZone" t:id="viewBrand" t:context="brand">${brand}</a>
																</p:else>
																</t:if>
															</p:else>
															</t:if>
														</li>
													</t:loop>
												</ul>
											
										<p:else>
											<p class="link_show_marque" style="display: block;">
											<a t:type="actionlink" t:zone="labelZone" t:id="viewAllBrands" title="${viewAllBrandsTitle}">${viewAllBrandsLink}</a>
											<img src="/static/images/down_arrow.png" />
											</p>
										</p:else>
										</t:if>
								</t:if>
							</t:if>
						</t:zone>
						
						</div --><!-- FIN DE LA BARRE TITRE --><div><!-- ***************** DEBUT DU BLOC TITRE ***************** --><div class="" id="wrap-liste-produits-nav"><div class="clear-container float-container" id="liste-produits-nav"><div class="float-container" id="liste-produits-tri"><div class="titre-produits"><h1><span class="titre-principal">Promotions</span><span class="titre-secondaire"> - 145 produits</span></h1></div><div class="t-zone" id="headerListZone"><form onsubmit="javascript:Tapestry.waitForPage(event);" action="http://www.auchandirect.fr/rayon.productgridorlist.sortform" method="post" id="sortForm" name="sortForm"><div class="t-invisible"><input value="promos" name="t:ac" type="hidden"></input><input value="H4sIAAAAAAAAAJXOMZJBQRCA4aaIZKpkWxuRjoTERhKR2lJeOUC/eeMZNaanuvvtchknUC4hkLnDHmBTkQA3IP2T/zv8Q/P3Ez7muKM4SkxFZbVkXxAHL2qEWIVhSFwaTGhXzigmJ8q7obHELvjc5CjOjPNHRKsT70LRzZxWqbc4tf4651sdalNoWYrKFL5x4xTa0zX+YD9gLPuZso/l1zYpNJ6/Fzzjdz0zJutEsirfeBFP8XQsBsvr/lIH2KY7aUKP/AYBAAA=" name="t:formdata" type="hidden"></input></div><p class="liste-produits-choix-affichage t-zone" id="productDisplayTypeZone"><p class="liste-produits-choix-affichage"><select onChange="document.getElementById('sortBySubmit').click();" class="form-select" id="sort" name="sort"><option selected="selected" value="MARQUE_ASC">Trier par marque A-Z</option><option value="MARQUE_DESC">Trier par marque Z-A</option><option value="PRICE_ASC">Trier du moins cher au plus cher</option><option value="PRICE_DESC">Trier du plus cher au moins cher</option><option value="PRICEQTE_ASC">Trier par prix/quantité croissant</option><option value="PRICEQTE_DESC">Trier par prix/quantité décroissant</option></select><img id="sort-icon" class="t-error-icon t-invisible" alt="" src="http://www.auchandirect.fr/assets/tapestry/5.1.0.5/spacer.gif"/><input style="display: none;" id="sortBySubmit" value="Valider" type="submit"></input><a id="list" onclick="javascript:Tapestry.waitForPage(event);" class="bt-liste " href="rayon.productgridorlist.list%3Ft:ac=promos.html">en liste</a><a id="thumbnail" onclick="javascript:Tapestry.waitForPage(event);" class="bt-grille active" href="rayon.productgridorlist.thumbnail%3Ft:ac=promos.html">en grille</a></p></p></form></div></div><ul class="liste-produits-menu menu menu-horizontal clear-container t-zone" id="labelZone"><li class="item"><a class="active">TOUS</a></li><li class="item"><a id="viewCat" onclick="javascript:Tapestry.waitForPage(event);" href="http://www.auchandirect.fr/rayon.productgridorlist.viewcat/404?t:ac=promos">Marché</a></li><li class="item"><a id="viewCat_0" onclick="javascript:Tapestry.waitForPage(event);" href="http://www.auchandirect.fr/rayon.productgridorlist.viewcat/408?t:ac=promos">Produits laitiers, Œufs</a></li><li class="item"><a id="viewCat_1" onclick="javascript:Tapestry.waitForPage(event);" href="http://www.auchandirect.fr/rayon.productgridorlist.viewcat/407?t:ac=promos">Charcuterie Traiteur</a></li><li class="item"><a id="viewCat_2" onclick="javascript:Tapestry.waitForPage(event);" href="http://www.auchandirect.fr/rayon.productgridorlist.viewcat/406?t:ac=promos">Surgelés</a></li><li class="item"><a id="viewCat_3" onclick="javascript:Tapestry.waitForPage(event);" href="http://www.auchandirect.fr/rayon.productgridorlist.viewcat/413?t:ac=promos">Epicerie Salée</a></li><li class="item"><a id="viewCat_4" onclick="javascript:Tapestry.waitForPage(event);" href="http://www.auchandirect.fr/rayon.productgridorlist.viewcat/409?t:ac=promos">Petit-Déjeuner Epicerie Sucrée</a></li><li class="item"><a id="viewCat_5" onclick="javascript:Tapestry.waitForPage(event);" href="http://www.auchandirect.fr/rayon.productgridorlist.viewcat/411?t:ac=promos">Boissons</a></li><li class="item"><a id="viewCat_6" onclick="javascript:Tapestry.waitForPage(event);" href="http://www.auchandirect.fr/rayon.productgridorlist.viewcat/410?t:ac=promos">Bébé</a></li><li class="item"><a id="viewCat_7" onclick="javascript:Tapestry.waitForPage(event);" href="http://www.auchandirect.fr/rayon.productgridorlist.viewcat/405?t:ac=promos">Bio Ecolo</a></li><li class="item"><a id="viewCat_8" onclick="javascript:Tapestry.waitForPage(event);" href="http://www.auchandirect.fr/rayon.productgridorlist.viewcat/412?t:ac=promos">Hygiène Beauté</a></li><li class="item"><a id="viewCat_9" onclick="javascript:Tapestry.waitForPage(event);" href="http://www.auchandirect.fr/rayon.productgridorlist.viewcat/414?t:ac=promos">Entretien</a></li><li class="item"><a id="viewCat_10" onclick="javascript:Tapestry.waitForPage(event);" href="http://www.auchandirect.fr/rayon.productgridorlist.viewcat/415?t:ac=promos">Animaux Maison</a></li><li class="item"><a id="filterNews" onclick="javascript:Tapestry.waitForPage(event);" title="nouveautes" class="menu-top-nouveautes" href="rayon.productgridorlist.filternews%3Ft:ac=promos.html">Nouveautés</a></li><li class="item"><a id="filterAuchan" onclick="javascript:Tapestry.waitForPage(event);" title="produits Auchan" class="menu-top-produits-auchan" href="rayon.productgridorlist.filterauchan%3Ft:ac=promos.html">Produits Auchan</a></li><!-- liste des capsules de tri (marques) --></ul></div><div class="clear"></div><div class="t-zone" id="moreProductListZone"></div></div><!-- ***************** FIN DU BLOC TITRE ***************** --><div class="t-zone" id="productListZone"><div class="liste clear-container" id="liste-produits-grille"><div class="pro-ecolo"><h1>Marché</h1></div><table><tr><td><div class="bloc-produit promotion"><div class="bloc-produit-content   "><a title="Voir le produit" href="march%25C3%25A9/boucherie---volaille/entrec%25C3%25B4te-de-boeuf-%25C3%25A0-griller/id1/460/37109.html"><img src="http://www.auchandirect.fr/static/images/products/line/37109.jpg" alt="" class="produit "/></a><div class="picto"><span class="invisible"></span></div><img src="http://www.auchandirect.fr/static/images/moins-10pourcent_small.png" class="ruban"/><div class="boutons-produit"><a id="addProductToBasket" onclick="javascript:Tapestry.waitForPage(event);" title="Ajouter au panier" class="bt-produit-ajout-panier" href="http://www.auchandirect.fr/rayon.productgridorlist.productlist.thumbnailproduct.addproducttobasket/37109?t:ac=promos"><span>Ajouter au panier</span></a><a id="addProductToShoppingList" onclick="javascript:Tapestry.waitForPage(event);" title="Ajouter à ma liste" class="bt-produit-ajout-liste" href="http://www.auchandirect.fr/rayon.productgridorlist.productlist.thumbnailproduct.addproducttoshoppinglist/37109?t:ac=promos">Ajouter à ma liste</a></div><div class="infos-produit-1"><div class="prix-old">4.55€</div><div class="prix-promo">4.09€</div></div><div class="infos-produit-2"><a title="Voir le produit" href="march%25C3%25A9/boucherie---volaille/entrec%25C3%25B4te-de-boeuf-%25C3%25A0-griller/id1/460/37109.html"><h3>CHARAL</h3><h4>Entrecôte de boeuf à griller</h4><h4></h4><p>
170 g
<br/>
24.06€/kg
</p></a></div><div class="mini_picto_bas"><!-- FIXME IDEM --><span class="com.atosworldline.ri.auchan.direct.front.tapestry.data.multimedia.Picture@1b758e57 pictoListing txtImg">XXXXX</span><!-- FIXME IDEM --><span class="com.atosworldline.ri.auchan.direct.front.tapestry.data.multimedia.Picture@42d3ffd6 pictoListing txtImg">XXXXX</span></div></div></div></td><td><div class="bloc-produit promotion"><div class="bloc-produit-content   "><a title="Voir le produit" href="march%25C3%25A9/boucherie---volaille/carpaccio-de-boeuf-avec-son-fromage-italien/id1/460/27500.html"><img src="http://www.auchandirect.fr/static/images/products/line/27500.jpg" alt="" class="produit "/></a><div class="picto"><span class="invisible"></span></div><img src="http://www.auchandirect.fr/static/images/moins-10pourcent_small.png" class="ruban"/><div class="boutons-produit"><a id="addProductToBasket_0" onclick="javascript:Tapestry.waitForPage(event);" title="Ajouter au panier" class="bt-produit-ajout-panier" href="http://www.auchandirect.fr/rayon.productgridorlist.productlist.thumbnailproduct.addproducttobasket/27500?t:ac=promos"><span>Ajouter au panier</span></a><a id="addProductToShoppingList_0" onclick="javascript:Tapestry.waitForPage(event);" title="Ajouter à ma liste" class="bt-produit-ajout-liste" href="http://www.auchandirect.fr/rayon.productgridorlist.productlist.thumbnailproduct.addproducttoshoppinglist/27500?t:ac=promos">Ajouter à ma liste</a></div><div class="infos-produit-1"><div class="prix-old">5.49€</div><div class="prix-promo">4.94€</div></div><div class="infos-produit-2"><a title="Voir le produit" href="march%25C3%25A9/boucherie---volaille/carpaccio-de-boeuf-avec-son-fromage-italien/id1/460/27500.html"><h3>CHARAL</h3><h4>Carpaccio de boeuf avec son fromage italien</h4><h4></h4><p>
230 g
<br/>
21.48€/kg
</p></a></div><div class="mini_picto_bas"><!-- FIXME IDEM --><span class="com.atosworldline.ri.auchan.direct.front.tapestry.data.multimedia.Picture@3738ada6 pictoListing txtImg">XXXXX</span><!-- FIXME IDEM --><span class="com.atosworldline.ri.auchan.direct.front.tapestry.data.multimedia.Picture@6a10899c pictoListing txtImg">XXXXX</span></div></div></div></td><td><div class="bloc-produit promotion"><div class="bloc-produit-content   "><a title="Voir le produit" href="march%25C3%25A9/fruits/fraise-gariguette/id1/461/13851.html"><img src="http://www.auchandirect.fr/static/images/products/line/13851.jpg" alt="" class="produit "/></a><div class="picto"><span class="invisible"></span></div><img src="http://www.auchandirect.fr/static/images/prix-choc_small.png" class="ruban"/><div class="boutons-produit"><a id="addProductToBasket_1" onclick="javascript:Tapestry.waitForPage(event);" title="Ajouter au panier" class="bt-produit-ajout-panier" href="http://www.auchandirect.fr/rayon.productgridorlist.productlist.thumbnailproduct.addproducttobasket/13851?t:ac=promos"><span>Ajouter au panier</span></a><a id="addProductToShoppingList_1" onclick="javascript:Tapestry.waitForPage(event);" title="Ajouter à ma liste" class="bt-produit-ajout-liste" href="http://www.auchandirect.fr/rayon.productgridorlist.productlist.thumbnailproduct.addproducttoshoppinglist/13851?t:ac=promos">Ajouter à ma liste</a></div><div class="infos-produit-1"><div class="prix-old">4.50€</div><div class="prix-promo">2.49€</div></div><div class="infos-produit-2"><a title="Voir le produit" href="march%25C3%25A9/fruits/fraise-gariguette/id1/461/13851.html"><h3>FRAISE</h3><h4>Fraise Gariguette</h4><h4>Origine France</h4><p>
250 g
<br/>
9.96€/kg
</p></a></div><div class="mini_picto_bas"><!-- FIXME IDEM --><span class="com.atosworldline.ri.auchan.direct.front.tapestry.data.multimedia.Picture@6f1a798c pictoListing txtImg">XXXXX</span></div></div></div></td></tr><tr><td><div class="bloc-produit promotion"><div class="bloc-produit-content   "><a title="Voir le produit" href="march%25C3%25A9/fruits/lv_fruit-de-la-passion,-x-5/id1/461/LV0000002380.html"><img src="http://www.auchandirect.fr/static/images/products/line/LV0000002380.jpg" alt="" class="produit "/></a><div class="picto"><span class="invisible"></span></div><img src="http://www.auchandirect.fr/static/images/promo_small.png" class="ruban"/><div class="boutons-produit"><a id="addProductToBasket_2" onclick="javascript:Tapestry.waitForPage(event);" title="Ajouter au panier" class="bt-produit-ajout-panier" href="http://www.auchandirect.fr/rayon.productgridorlist.productlist.thumbnailproduct.addproducttobasket/LV0000002380?t:ac=promos"><span>Ajouter au panier</span></a><a id="addProductToShoppingList_2" onclick="javascript:Tapestry.waitForPage(event);" title="Ajouter à ma liste" class="bt-produit-ajout-liste" href="http://www.auchandirect.fr/rayon.productgridorlist.productlist.thumbnailproduct.addproducttoshoppinglist/LV0000002380?t:ac=promos">Ajouter à ma liste</a></div><div class="infos-produit-1"><div class="prix-old">3.15€</div><div class="prix-promo">3.00€</div></div><div class="infos-produit-2"><a title="Voir le produit" href="march%25C3%25A9/fruits/lv_fruit-de-la-passion,-x-5/id1/461/LV0000002380.html"><h3>FRUIT DE LA PASSION </h3><h4></h4><h4>Fruit de la passion, lot de 5</h4><p>

<br/>
0.60€/pièce
</p></a></div><div class="mini_picto_bas"></div></div></div></td><td><div class="bloc-produit promotion"><div class="bloc-produit-content   "><a title="Voir le produit" href="march%25C3%25A9/fruits/lv_grenade,-x-2/id1/461/LV0000002378.html"><img src="http://www.auchandirect.fr/static/images/products/line/LV0000002378.jpg" alt="" class="produit "/></a><div class="picto"><span class="invisible"></span></div><img src="http://www.auchandirect.fr/static/images/lot-de-2_small.png" class="ruban"/><div class="boutons-produit"><a id="addProductToBasket_3" onclick="javascript:Tapestry.waitForPage(event);" title="Ajouter au panier" class="bt-produit-ajout-panier" href="http://www.auchandirect.fr/rayon.productgridorlist.productlist.thumbnailproduct.addproducttobasket/LV0000002378?t:ac=promos"><span>Ajouter au panier</span></a><a id="addProductToShoppingList_3" onclick="javascript:Tapestry.waitForPage(event);" title="Ajouter à ma liste" class="bt-produit-ajout-liste" href="http://www.auchandirect.fr/rayon.productgridorlist.productlist.thumbnailproduct.addproducttoshoppinglist/LV0000002378?t:ac=promos">Ajouter à ma liste</a></div><div class="infos-produit-1"><div class="prix-old">2.80€</div><div class="prix-promo">2.50€</div></div><div class="infos-produit-2"><a title="Voir le produit" href="march%25C3%25A9/fruits/lv_grenade,-x-2/id1/461/LV0000002378.html"><h3>GRENADE</h3><h4></h4><h4>Grenade, lot de 2</h4><p>

<br/>
1.25€/kg
</p></a></div><div class="mini_picto_bas"></div></div></div></td><td><div class="bloc-produit promotion"><div class="bloc-produit-content   "><a title="Voir le produit" href="march%25C3%25A9/fruits/lv_kiwi,-lot-de-10/id1/461/LV0000002063.html"><img src="http://www.auchandirect.fr/static/images/products/line/LV0000002063.jpg" alt="" class="produit "/></a><div class="picto"><span class="invisible"></span></div><img src="http://www.auchandirect.fr/static/images/promo_small.png" class="ruban"/><div class="boutons-produit"><a id="addProductToBasket_4" onclick="javascript:Tapestry.waitForPage(event);" title="Ajouter au panier" class="bt-produit-ajout-panier" href="http://www.auchandirect.fr/rayon.productgridorlist.productlist.thumbnailproduct.addproducttobasket/LV0000002063?t:ac=promos"><span>Ajouter au panier</span></a><a id="addProductToShoppingList_4" onclick="javascript:Tapestry.waitForPage(event);" title="Ajouter à ma liste" class="bt-produit-ajout-liste" href="http://www.auchandirect.fr/rayon.productgridorlist.productlist.thumbnailproduct.addproducttoshoppinglist/LV0000002063?t:ac=promos">Ajouter à ma liste</a></div><div class="infos-produit-1"><div class="prix-old">2.50€</div><div class="prix-promo">2.00€</div></div><div class="infos-produit-2"><a title="Voir le produit" href="march%25C3%25A9/fruits/lv_kiwi,-lot-de-10/id1/461/LV0000002063.html"><h3>Kiwi</h3><h4></h4><h4>Kiwi, lot de 10
</h4><p>

<br/>
0.20€/pièce
</p></a></div><div class="mini_picto_bas"></div></div></div></td></tr><tr><td><div class="bloc-produit promotion"><div class="bloc-produit-content   "><a title="Voir le produit" href="march%25C3%25A9/boucherie---volaille/r%25C3%25B4ti-de-dinde-filet/id1/460/4286.html"><img src="http://www.auchandirect.fr/static/images/products/line/4286.jpg" alt="" class="produit "/></a><div class="picto"><span class="invisible"></span></div><img src="http://www.auchandirect.fr/static/images/moins-10pourcent_small.png" class="ruban"/><div class="boutons-produit"><a id="addProductToBasket_5" onclick="javascript:Tapestry.waitForPage(event);" title="Ajouter au panier" class="bt-produit-ajout-panier" href="http://www.auchandirect.fr/rayon.productgridorlist.productlist.thumbnailproduct.addproducttobasket/4286?t:ac=promos"><span>Ajouter au panier</span></a><a id="addProductToShoppingList_5" onclick="javascript:Tapestry.waitForPage(event);" title="Ajouter à ma liste" class="bt-produit-ajout-liste" href="http://www.auchandirect.fr/rayon.productgridorlist.productlist.thumbnailproduct.addproducttoshoppinglist/4286?t:ac=promos">Ajouter à ma liste</a></div><div class="infos-produit-1"><div class="prix-old">7.99€</div><div class="prix-promo">7.19€</div></div><div class="infos-produit-2"><a title="Voir le produit" href="march%25C3%25A9/boucherie---volaille/r%25C3%25B4ti-de-dinde-filet/id1/460/4286.html"><h3>LE GAULOIS</h3><h4>Rôti de dinde filet</h4><h4></h4><p>
600 g
<br/>
11.98€/kg
</p></a></div><div class="mini_picto_bas"><!-- FIXME IDEM --><span class="com.atosworldline.ri.auchan.direct.front.tapestry.data.multimedia.Picture@7520516 pictoListing txtImg">XXXXX</span><!-- FIXME IDEM --><span class="com.atosworldline.ri.auchan.direct.front.tapestry.data.multimedia.Picture@19cbeb1b pictoListing txtImg">XXXXX</span></div></div></div></td><td><div class="bloc-produit promotion"><div class="bloc-produit-content   "><a title="Voir le produit" href="march%25C3%25A9/fruits/lv_noix-de-coco,-lot-de-2/id1/461/LV0000002496.html"><img src="http://www.auchandirect.fr/static/images/products/line/LV0000002496.jpg" alt="" class="produit "/></a><div class="picto"><span class="invisible"></span></div><img src="http://www.auchandirect.fr/static/images/lot-de-2_small.png" class="ruban"/><div class="boutons-produit"><a id="addProductToBasket_6" onclick="javascript:Tapestry.waitForPage(event);" title="Ajouter au panier" class="bt-produit-ajout-panier" href="http://www.auchandirect.fr/rayon.productgridorlist.productlist.thumbnailproduct.addproducttobasket/LV0000002496?t:ac=promos"><span>Ajouter au panier</span></a><a id="addProductToShoppingList_6" onclick="javascript:Tapestry.waitForPage(event);" title="Ajouter à ma liste" class="bt-produit-ajout-liste" href="http://www.auchandirect.fr/rayon.productgridorlist.productlist.thumbnailproduct.addproducttoshoppinglist/LV0000002496?t:ac=promos">Ajouter à ma liste</a></div><div class="infos-produit-1"><div class="prix-old">3.40€</div><div class="prix-promo">3.00€</div></div><div class="infos-produit-2"><a title="Voir le produit" href="march%25C3%25A9/fruits/lv_noix-de-coco,-lot-de-2/id1/461/LV0000002496.html"><h3>NOIX DE COCO</h3><h4></h4><h4>Noix de coco, lot de 2</h4><p>

<br/>
1.50€/kg
</p></a></div><div class="mini_picto_bas"></div></div></div></td><td><div class="bloc-produit promotion"><div class="bloc-produit-content   "><a title="Voir le produit" href="march%25C3%25A9/fruits/orange-%25C3%25A0-d%25C3%25A9guster/id1/461/58036.html"><img src="http://www.auchandirect.fr/static/images/products/line/58036.jpg" alt="" class="produit "/></a><div class="picto"><span class="invisible"></span></div><img src="http://www.auchandirect.fr/static/images/prix-choc_small.png" class="ruban"/><div class="boutons-produit"><a id="addProductToBasket_7" onclick="javascript:Tapestry.waitForPage(event);" title="Ajouter au panier" class="bt-produit-ajout-panier" href="http://www.auchandirect.fr/rayon.productgridorlist.productlist.thumbnailproduct.addproducttobasket/58036?t:ac=promos"><span>Ajouter au panier</span></a><a id="addProductToShoppingList_7" onclick="javascript:Tapestry.waitForPage(event);" title="Ajouter à ma liste" class="bt-produit-ajout-liste" href="http://www.auchandirect.fr/rayon.productgridorlist.productlist.thumbnailproduct.addproducttoshoppinglist/58036?t:ac=promos">Ajouter à ma liste</a></div><div class="infos-produit-1"><div class="prix-old">4.20€</div><div class="prix-promo">2.99€</div></div><div class="infos-produit-2"><a title="Voir le produit" href="march%25C3%25A9/fruits/orange-%25C3%25A0-d%25C3%25A9guster/id1/461/58036.html"><h3>ORANGE</h3><h4>Orange à déguster</h4><h4>Origine Espagne</h4><p>
3 kg
<br/>
1.00€/kg
</p></a></div><div class="mini_picto_bas"><!-- FIXME IDEM --><span class="com.atosworldline.ri.auchan.direct.front.tapestry.data.multimedia.Picture@239b6297 pictoListing txtImg">XXXXX</span></div></div></div></td></tr><tr><td><div class="bloc-produit promotion"><div class="bloc-produit-content   "><a title="Voir le produit" href="march%25C3%25A9/l%25C3%25A9gumes/lv_poivron-vert,-lot-de-2/id1/463/LV0000002441.html"><img src="http://www.auchandirect.fr/static/images/products/line/LV0000002441.jpg" alt="" class="produit "/></a><div class="picto"><span class="invisible"></span></div><img src="http://www.auchandirect.fr/static/images/lot-de-2_small.png" class="ruban"/><div class="boutons-produit"><a id="addProductToBasket_8" onclick="javascript:Tapestry.waitForPage(event);" title="Ajouter au panier" class="bt-produit-ajout-panier" href="http://www.auchandirect.fr/rayon.productgridorlist.productlist.thumbnailproduct.addproducttobasket/LV0000002441?t:ac=promos"><span>Ajouter au panier</span></a><a id="addProductToShoppingList_8" onclick="javascript:Tapestry.waitForPage(event);" title="Ajouter à ma liste" class="bt-produit-ajout-liste" href="http://www.auchandirect.fr/rayon.productgridorlist.productlist.thumbnailproduct.addproducttoshoppinglist/LV0000002441?t:ac=promos">Ajouter à ma liste</a></div><div class="infos-produit-1"><div class="prix-old">1.50€</div><div class="prix-promo">1.20€</div></div><div class="infos-produit-2"><a title="Voir le produit" href="march%25C3%25A9/l%25C3%25A9gumes/lv_poivron-vert,-lot-de-2/id1/463/LV0000002441.html"><h3>POIVRON</h3><h4></h4><h4>Poivron vert, lot de 2</h4><p>

<br/>
0.60€/pièce
</p></a></div><div class="mini_picto_bas"></div></div></div></td><td><div class="bloc-produit promotion"><div class="bloc-produit-content   "><a title="Voir le produit" href="march%25C3%25A9/l%25C3%25A9gumes/lv_poivron-rouge,-lot-de-2/id1/463/LV0000002440.html"><img src="http://www.auchandirect.fr/static/images/products/line/LV0000002440.jpg" alt="" class="produit "/></a><div class="picto"><span class="invisible"></span></div><img src="http://www.auchandirect.fr/static/images/lot-de-2_small.png" class="ruban"/><div class="boutons-produit"><a id="addProductToBasket_9" onclick="javascript:Tapestry.waitForPage(event);" title="Ajouter au panier" class="bt-produit-ajout-panier" href="http://www.auchandirect.fr/rayon.productgridorlist.productlist.thumbnailproduct.addproducttobasket/LV0000002440?t:ac=promos"><span>Ajouter au panier</span></a><a id="addProductToShoppingList_9" onclick="javascript:Tapestry.waitForPage(event);" title="Ajouter à ma liste" class="bt-produit-ajout-liste" href="http://www.auchandirect.fr/rayon.productgridorlist.productlist.thumbnailproduct.addproducttoshoppinglist/LV0000002440?t:ac=promos">Ajouter à ma liste</a></div><div class="infos-produit-1"><div class="prix-old">1.50€</div><div class="prix-promo">1.20€</div></div><div class="infos-produit-2"><a title="Voir le produit" href="march%25C3%25A9/l%25C3%25A9gumes/lv_poivron-rouge,-lot-de-2/id1/463/LV0000002440.html"><h3>POIVRON</h3><h4></h4><h4>Poivron rouge, lot de 2</h4><p>

<br/>
0.60€/pièce
</p></a></div><div class="mini_picto_bas"></div></div></div></td><td><div class="bloc-produit promotion"><div class="bloc-produit-content   "><a title="Voir le produit" href="march%25C3%25A9/fruits/pomme-royal-gala/id1/461/57262.html"><img src="http://www.auchandirect.fr/static/images/products/line/57262.jpg" alt="" class="produit "/></a><div class="picto"><span class="invisible"></span></div><img src="http://www.auchandirect.fr/static/images/prix-choc_small.png" class="ruban"/><div class="boutons-produit"><a id="addProductToBasket_10" onclick="javascript:Tapestry.waitForPage(event);" title="Ajouter au panier" class="bt-produit-ajout-panier" href="http://www.auchandirect.fr/rayon.productgridorlist.productlist.thumbnailproduct.addproducttobasket/57262?t:ac=promos"><span>Ajouter au panier</span></a><a id="addProductToShoppingList_10" onclick="javascript:Tapestry.waitForPage(event);" title="Ajouter à ma liste" class="bt-produit-ajout-liste" href="http://www.auchandirect.fr/rayon.productgridorlist.productlist.thumbnailproduct.addproducttoshoppinglist/57262?t:ac=promos">Ajouter à ma liste</a></div><div class="infos-produit-1"><div class="prix-old">2.99€</div><div class="prix-promo">2.49€</div></div><div class="infos-produit-2"><a title="Voir le produit" href="march%25C3%25A9/fruits/pomme-royal-gala/id1/461/57262.html"><h3>POMME</h3><h4>Pomme Royal Gala</h4><h4>Origine France</h4><p>
1 kg
<br/>
2.49€/kg
</p></a></div><div class="mini_picto_bas"><!-- FIXME IDEM --><span class="com.atosworldline.ri.auchan.direct.front.tapestry.data.multimedia.Picture@1b35068e pictoListing txtImg">XXXXX</span></div></div></div></td></tr><tr><td><div class="bloc-produit promotion"><div class="bloc-produit-content   "><a title="Voir le produit" href="http://www.auchandirect.fr/marché/boucherie---volaille/boulettes-au-boeuf/id1/460/52186"><img src="http://www.auchandirect.fr/static/images/products/line/52186.jpg" alt="" class="produit "/></a><div class="picto"><span class="invisible"></span></div><img src="http://www.auchandirect.fr/static/images/moins-10pourcent_small.png" class="ruban"/><div class="boutons-produit"><a id="addProductToBasket_11" onclick="javascript:Tapestry.waitForPage(event);" title="Ajouter au panier" class="bt-produit-ajout-panier" href="http://www.auchandirect.fr/rayon.productgridorlist.productlist.thumbnailproduct.addproducttobasket/52186?t:ac=promos"><span>Ajouter au panier</span></a><a id="addProductToShoppingList_11" onclick="javascript:Tapestry.waitForPage(event);" title="Ajouter à ma liste" class="bt-produit-ajout-liste" href="http://www.auchandirect.fr/rayon.productgridorlist.productlist.thumbnailproduct.addproducttoshoppinglist/52186?t:ac=promos">Ajouter à ma liste</a></div><div class="infos-produit-1"><div class="prix-old">4.41€</div><div class="prix-promo">3.96€</div></div><div class="infos-produit-2"><a title="Voir le produit" href="http://www.auchandirect.fr/marché/boucherie---volaille/boulettes-au-boeuf/id1/460/52186"><h3>SOCOPA</h3><h4>Boulettes au boeuf</h4><h4></h4><p>
x 15
<br/>
10.56€/kg
</p></a></div><div class="mini_picto_bas"><!-- FIXME IDEM --><span class="com.atosworldline.ri.auchan.direct.front.tapestry.data.multimedia.Picture@7eaf81ad pictoListing txtImg">XXXXX</span><!-- FIXME IDEM --><span class="com.atosworldline.ri.auchan.direct.front.tapestry.data.multimedia.Picture@346ac5d5 pictoListing txtImg">XXXXX</span></div></div></div></td><td><div class="bloc-produit promotion"><div class="bloc-produit-content   "><a title="Voir le produit" href="march%25C3%25A9/boucherie---volaille/steaks-hach%25C3%25A9s-pur-boeuf-x-6/id1/460/55671.html"><img src="http://www.auchandirect.fr/static/images/products/line/55671.jpg" alt="" class="produit "/></a><div class="picto"><span class="invisible"></span></div><img src="http://www.auchandirect.fr/static/images/moins-10pourcent_small.png" class="ruban"/><div class="boutons-produit"><a id="addProductToBasket_12" onclick="javascript:Tapestry.waitForPage(event);" title="Ajouter au panier" class="bt-produit-ajout-panier" href="http://www.auchandirect.fr/rayon.productgridorlist.productlist.thumbnailproduct.addproducttobasket/55671?t:ac=promos"><span>Ajouter au panier</span></a><a id="addProductToShoppingList_12" onclick="javascript:Tapestry.waitForPage(event);" title="Ajouter à ma liste" class="bt-produit-ajout-liste" href="http://www.auchandirect.fr/rayon.productgridorlist.productlist.thumbnailproduct.addproducttoshoppinglist/55671?t:ac=promos">Ajouter à ma liste</a></div><div class="infos-produit-1"><div class="prix-old">4.50€</div><div class="prix-promo">4.05€</div></div><div class="infos-produit-2"><a title="Voir le produit" href="march%25C3%25A9/boucherie---volaille/steaks-hach%25C3%25A9s-pur-boeuf-x-6/id1/460/55671.html"><h3>SOCOPA</h3><h4>Steaks hachés pur boeuf x 6</h4><h4>15%MG</h4><p>
6 x 100 g
<br/>
6.75€/kg
</p></a></div><div class="mini_picto_bas"><!-- FIXME IDEM --><span class="com.atosworldline.ri.auchan.direct.front.tapestry.data.multimedia.Picture@404992e5 pictoListing txtImg">XXXXX</span><!-- FIXME IDEM --><span class="com.atosworldline.ri.auchan.direct.front.tapestry.data.multimedia.Picture@1e4b195c pictoListing txtImg">XXXXX</span></div></div></div></td><td></td></tr></table><div class="pro-ecolo"><h1>Produits laitiers, Œufs</h1></div><table><tr><td><div class="bloc-produit promotion"><div class="bloc-produit-content   "><a title="Voir le produit" href="produits-laitiers,-%25C5%2593ufs/fromages/lv_apericube-assortiment-x-48,-250-g/id1/466/LV0000000170.html"><img src="http://www.auchandirect.fr/static/images/products/line/LV0000000170.jpg" alt="" class="produit "/></a><div class="picto"><span class="invisible"></span></div><img src="http://www.auchandirect.fr/static/images/2achetes-1offert_small.png" class="ruban"/><div class="boutons-produit"><a id="addProductToBasket_13" onclick="javascript:Tapestry.waitForPage(event);" title="Ajouter au panier" class="bt-produit-ajout-panier" href="http://www.auchandirect.fr/rayon.productgridorlist.productlist.thumbnailproduct.addproducttobasket/LV0000000170?t:ac=promos"><span>Ajouter au panier</span></a><a id="addProductToShoppingList_13" onclick="javascript:Tapestry.waitForPage(event);" title="Ajouter à ma liste" class="bt-produit-ajout-liste" href="http://www.auchandirect.fr/rayon.productgridorlist.productlist.thumbnailproduct.addproducttoshoppinglist/LV0000000170?t:ac=promos">Ajouter à ma liste</a></div><div class="infos-produit-1"><div class="prix-old">12.27€</div><div class="prix-promo">8.18€</div></div><div class="infos-produit-2"><a title="Voir le produit" href="produits-laitiers,-%25C5%2593ufs/fromages/lv_apericube-assortiment-x-48,-250-g/id1/466/LV0000000170.html"><h3>APERICUBE </h3><h4></h4><h4>Cubes de fromage fondu assortiment x 48, 250 g</h4><p>
null
<br/>
10.91€/kg
</p></a></div><div class="mini_picto_bas"></div></div></div></td><td><div class="bloc-produit promotion"><div class="bloc-produit-content   "><a title="Voir le produit" href="produits-laitiers,-%25C5%2593ufs/yaourts,-desserts/cr%25C3%25A8mes-desserts-caramel/id1/464/58428.html"><img src="http://www.auchandirect.fr/static/images/products/line/58428.jpg" alt="" class="produit "/></a><div class="picto"><span class="invisible"></span></div><img src="http://www.auchandirect.fr/static/images/promo_small.png" class="ruban"/><div class="boutons-produit"><a id="addProductToBasket_14" onclick="javascript:Tapestry.waitForPage(event);" title="Ajouter au panier" class="bt-produit-ajout-panier" href="http://www.auchandirect.fr/rayon.productgridorlist.productlist.thumbnailproduct.addproducttobasket/58428?t:ac=promos"><span>Ajouter au panier</span></a><a id="addProductToShoppingList_14" onclick="javascript:Tapestry.waitForPage(event);" title="Ajouter à ma liste" class="bt-produit-ajout-liste" href="http://www.auchandirect.fr/rayon.productgridorlist.productlist.thumbnailproduct.addproducttoshoppinglist/58428?t:ac=promos">Ajouter à ma liste</a></div><div class="infos-produit-1"><div class="prix-actuel"><span>1.25€</span></div></div><div class="infos-produit-2"><a title="Voir le produit" href="produits-laitiers,-%25C5%2593ufs/yaourts,-desserts/cr%25C3%25A8mes-desserts-caramel/id1/464/58428.html"><h3>DANETTE</h3><h4>Crèmes desserts caramel</h4><h4>PRIX CHOC</h4><p>
4 x 125 g
<br/>
2.50€/kg
</p></a></div><div class="mini_picto_bas"><!-- FIXME IDEM --><span class="com.atosworldline.ri.auchan.direct.front.tapestry.data.multimedia.Picture@5a5a1a47 pictoListing txtImg">XXXXX</span><!-- FIXME IDEM --><span class="com.atosworldline.ri.auchan.direct.front.tapestry.data.multimedia.Picture@517359a8 pictoListing txtImg">XXXXX</span></div></div></div></td><td><div class="bloc-produit promotion"><div class="bloc-produit-content   "><a title="Voir le produit" href="produits-laitiers,-%25C5%2593ufs/yaourts,-desserts/cr%25C3%25A8mes-desserts-vanille/id1/464/58438.html"><img src="http://www.auchandirect.fr/static/images/products/line/58438.jpg" alt="" class="produit "/></a><div class="picto"><span class="invisible"></span></div><img src="http://www.auchandirect.fr/static/images/promo_small.png" class="ruban"/><div class="boutons-produit"><a id="addProductToBasket_15" onclick="javascript:Tapestry.waitForPage(event);" title="Ajouter au panier" class="bt-produit-ajout-panier" href="http://www.auchandirect.fr/rayon.productgridorlist.productlist.thumbnailproduct.addproducttobasket/58438?t:ac=promos"><span>Ajouter au panier</span></a><a id="addProductToShoppingList_15" onclick="javascript:Tapestry.waitForPage(event);" title="Ajouter à ma liste" class="bt-produit-ajout-liste" href="http://www.auchandirect.fr/rayon.productgridorlist.productlist.thumbnailproduct.addproducttoshoppinglist/58438?t:ac=promos">Ajouter à ma liste</a></div><div class="infos-produit-1"><div class="prix-actuel"><span>1.25€</span></div></div><div class="infos-produit-2"><a title="Voir le produit" href="produits-laitiers,-%25C5%2593ufs/yaourts,-desserts/cr%25C3%25A8mes-desserts-vanille/id1/464/58438.html"><h3>DANETTE</h3><h4>Crèmes desserts vanille</h4><h4>PRIX CHOC</h4><p>
4 x 125 g
<br/>
2.50€/kg
</p></a></div><div class="mini_picto_bas"><!-- FIXME IDEM --><span class="com.atosworldline.ri.auchan.direct.front.tapestry.data.multimedia.Picture@4d0e34b8 pictoListing txtImg">XXXXX</span><!-- FIXME IDEM --><span class="com.atosworldline.ri.auchan.direct.front.tapestry.data.multimedia.Picture@5fa7438d pictoListing txtImg">XXXXX</span></div></div></div></td></tr><tr><td><div class="bloc-produit promotion"><div class="bloc-produit-content   "><a title="Voir le produit" href="produits-laitiers,-%25C5%2593ufs/yaourts,-desserts/cr%25C3%25A8mes-desserts-vanille-sur-lit-de-caramel/id1/464/58436.html"><img src="http://www.auchandirect.fr/static/images/products/line/58436.jpg" alt="" class="produit "/></a><div class="picto"><span class="invisible"></span></div><img src="http://www.auchandirect.fr/static/images/promo_small.png" class="ruban"/><div class="boutons-produit"><a id="addProductToBasket_16" onclick="javascript:Tapestry.waitForPage(event);" title="Ajouter au panier" class="bt-produit-ajout-panier" href="http://www.auchandirect.fr/rayon.productgridorlist.productlist.thumbnailproduct.addproducttobasket/58436?t:ac=promos"><span>Ajouter au panier</span></a><a id="addProductToShoppingList_16" onclick="javascript:Tapestry.waitForPage(event);" title="Ajouter à ma liste" class="bt-produit-ajout-liste" href="http://www.auchandirect.fr/rayon.productgridorlist.productlist.thumbnailproduct.addproducttoshoppinglist/58436?t:ac=promos">Ajouter à ma liste</a></div><div class="infos-produit-1"><div class="prix-actuel"><span>1.25€</span></div></div><div class="infos-produit-2"><a title="Voir le produit" href="produits-laitiers,-%25C5%2593ufs/yaourts,-desserts/cr%25C3%25A8mes-desserts-vanille-sur-lit-de-caramel/id1/464/58436.html"><h3>DANETTE</h3><h4>Crèmes desserts vanille sur lit de caramel</h4><h4>PRIX CHOC</h4><p>
4 x 125 g
<br/>
2.50€/kg
</p></a></div><div class="mini_picto_bas"><!-- FIXME IDEM --><span class="com.atosworldline.ri.auchan.direct.front.tapestry.data.multimedia.Picture@463789df pictoListing txtImg">XXXXX</span><!-- FIXME IDEM --><span class="com.atosworldline.ri.auchan.direct.front.tapestry.data.multimedia.Picture@683cb37c pictoListing txtImg">XXXXX</span></div></div></div></td><td><div class="bloc-produit promotion"><div class="bloc-produit-content   "><a title="Voir le produit" href="produits-laitiers,-%25C5%2593ufs/yaourts,-desserts/cr%25C3%25A8mes-desserts-vanille-sur-lit-chocolat/id1/464/58437.html"><img src="http://www.auchandirect.fr/static/images/products/line/58437.jpg" alt="" class="produit "/></a><div class="picto"><span class="invisible"></span></div><img src="http://www.auchandirect.fr/static/images/promo_small.png" class="ruban"/><div class="boutons-produit"><a id="addProductToBasket_17" onclick="javascript:Tapestry.waitForPage(event);" title="Ajouter au panier" class="bt-produit-ajout-panier" href="http://www.auchandirect.fr/rayon.productgridorlist.productlist.thumbnailproduct.addproducttobasket/58437?t:ac=promos"><span>Ajouter au panier</span></a><a id="addProductToShoppingList_17" onclick="javascript:Tapestry.waitForPage(event);" title="Ajouter à ma liste" class="bt-produit-ajout-liste" href="http://www.auchandirect.fr/rayon.productgridorlist.productlist.thumbnailproduct.addproducttoshoppinglist/58437?t:ac=promos">Ajouter à ma liste</a></div><div class="infos-produit-1"><div class="prix-actuel"><span>1.25€</span></div></div><div class="infos-produit-2"><a title="Voir le produit" href="produits-laitiers,-%25C5%2593ufs/yaourts,-desserts/cr%25C3%25A8mes-desserts-vanille-sur-lit-chocolat/id1/464/58437.html"><h3>DANETTE</h3><h4>Crèmes desserts vanille sur lit chocolat</h4><h4>PRIX CHOC</h4><p>
4 x 125 g
<br/>
2.50€/kg
</p></a></div><div class="mini_picto_bas"><!-- FIXME IDEM --><span class="com.atosworldline.ri.auchan.direct.front.tapestry.data.multimedia.Picture@392d1ba7 pictoListing txtImg">XXXXX</span><!-- FIXME IDEM --><span class="com.atosworldline.ri.auchan.direct.front.tapestry.data.multimedia.Picture@40728e44 pictoListing txtImg">XXXXX</span></div></div></div></td><td><div class="bloc-produit promotion"><div class="bloc-produit-content   "><a title="Voir le produit" href="produits-laitiers,-%25C5%2593ufs/yaourts,-desserts/cr%25C3%25A8mes-desserts-pistache/id1/464/58434.html"><img src="http://www.auchandirect.fr/static/images/products/line/58434.jpg" alt="" class="produit "/></a><div class="picto"><span class="invisible"></span></div><img src="http://www.auchandirect.fr/static/images/promo_small.png" class="ruban"/><div class="boutons-produit"><a id="addProductToBasket_18" onclick="javascript:Tapestry.waitForPage(event);" title="Ajouter au panier" class="bt-produit-ajout-panier" href="http://www.auchandirect.fr/rayon.productgridorlist.productlist.thumbnailproduct.addproducttobasket/58434?t:ac=promos"><span>Ajouter au panier</span></a><a id="addProductToShoppingList_18" onclick="javascript:Tapestry.waitForPage(event);" title="Ajouter à ma liste" class="bt-produit-ajout-liste" href="http://www.auchandirect.fr/rayon.productgridorlist.productlist.thumbnailproduct.addproducttoshoppinglist/58434?t:ac=promos">Ajouter à ma liste</a></div><div class="infos-produit-1"><div class="prix-actuel"><span>1.25€</span></div></div><div class="infos-produit-2"><a title="Voir le produit" href="produits-laitiers,-%25C5%2593ufs/yaourts,-desserts/cr%25C3%25A8mes-desserts-pistache/id1/464/58434.html"><h3>DANETTE</h3><h4>Crèmes desserts pistache</h4><h4>PRIX CHOC</h4><p>
4 x 125 g
<br/>
2.50€/kg
</p></a></div><div class="mini_picto_bas"><!-- FIXME IDEM --><span class="com.atosworldline.ri.auchan.direct.front.tapestry.data.multimedia.Picture@556584ff pictoListing txtImg">XXXXX</span><!-- FIXME IDEM --><span class="com.atosworldline.ri.auchan.direct.front.tapestry.data.multimedia.Picture@7bfead25 pictoListing txtImg">XXXXX</span></div></div></div></td></tr><tr><td><div class="bloc-produit promotion"><div class="bloc-produit-content   "><a title="Voir le produit" href="produits-laitiers,-%25C5%2593ufs/yaourts,-desserts/cr%25C3%25A8mes-desserts-chocolat-noir-extra/id1/464/58432.html"><img src="http://www.auchandirect.fr/static/images/products/line/58432.jpg" alt="" class="produit "/></a><div class="picto"><span class="invisible"></span></div><img src="http://www.auchandirect.fr/static/images/promo_small.png" class="ruban"/><div class="boutons-produit"><a id="addProductToBasket_19" onclick="javascript:Tapestry.waitForPage(event);" title="Ajouter au panier" class="bt-produit-ajout-panier" href="http://www.auchandirect.fr/rayon.productgridorlist.productlist.thumbnailproduct.addproducttobasket/58432?t:ac=promos"><span>Ajouter au panier</span></a><a id="addProductToShoppingList_19" onclick="javascript:Tapestry.waitForPage(event);" title="Ajouter à ma liste" class="bt-produit-ajout-liste" href="http://www.auchandirect.fr/rayon.productgridorlist.productlist.thumbnailproduct.addproducttoshoppinglist/58432?t:ac=promos">Ajouter à ma liste</a></div><div class="infos-produit-1"><div class="prix-actuel"><span>1.25€</span></div></div><div class="infos-produit-2"><a title="Voir le produit" href="produits-laitiers,-%25C5%2593ufs/yaourts,-desserts/cr%25C3%25A8mes-desserts-chocolat-noir-extra/id1/464/58432.html"><h3>DANETTE</h3><h4>Crèmes desserts chocolat noir extra</h4><h4>PRIX CHOC</h4><p>
4 x 125 g
<br/>
2.50€/kg
</p></a></div><div class="mini_picto_bas"><!-- FIXME IDEM --><span class="com.atosworldline.ri.auchan.direct.front.tapestry.data.multimedia.Picture@b38be5c pictoListing txtImg">XXXXX</span><!-- FIXME IDEM --><span class="com.atosworldline.ri.auchan.direct.front.tapestry.data.multimedia.Picture@3a598fc5 pictoListing txtImg">XXXXX</span></div></div></div></td><td><div class="bloc-produit promotion"><div class="bloc-produit-content   "><a title="Voir le produit" href="produits-laitiers,-%25C5%2593ufs/yaourts,-desserts/cr%25C3%25A8mes-desserts-caf%25C3%25A9/id1/464/58433.html"><img src="http://www.auchandirect.fr/static/images/products/line/58433.jpg" alt="" class="produit "/></a><div class="picto"><span class="invisible"></span></div><img src="http://www.auchandirect.fr/static/images/promo_small.png" class="ruban"/><div class="boutons-produit"><a id="addProductToBasket_20" onclick="javascript:Tapestry.waitForPage(event);" title="Ajouter au panier" class="bt-produit-ajout-panier" href="http://www.auchandirect.fr/rayon.productgridorlist.productlist.thumbnailproduct.addproducttobasket/58433?t:ac=promos"><span>Ajouter au panier</span></a><a id="addProductToShoppingList_20" onclick="javascript:Tapestry.waitForPage(event);" title="Ajouter à ma liste" class="bt-produit-ajout-liste" href="http://www.auchandirect.fr/rayon.productgridorlist.productlist.thumbnailproduct.addproducttoshoppinglist/58433?t:ac=promos">Ajouter à ma liste</a></div><div class="infos-produit-1"><div class="prix-actuel"><span>1.25€</span></div></div><div class="infos-produit-2"><a title="Voir le produit" href="produits-laitiers,-%25C5%2593ufs/yaourts,-desserts/cr%25C3%25A8mes-desserts-caf%25C3%25A9/id1/464/58433.html"><h3>DANETTE</h3><h4>Crèmes desserts café</h4><h4>PRIX CHOC</h4><p>
4 x 125 g
<br/>
2.50€/kg
</p></a></div><div class="mini_picto_bas"><!-- FIXME IDEM --><span class="com.atosworldline.ri.auchan.direct.front.tapestry.data.multimedia.Picture@3f3dd508 pictoListing txtImg">XXXXX</span><!-- FIXME IDEM --><span class="com.atosworldline.ri.auchan.direct.front.tapestry.data.multimedia.Picture@746d20a7 pictoListing txtImg">XXXXX</span></div></div></div></td><td><div class="bloc-produit promotion"><div class="bloc-produit-content   "><a title="Voir le produit" href="produits-laitiers,-%25C5%2593ufs/yaourts,-desserts/cr%25C3%25A8mes-desserts-chocolat/id1/464/58431.html"><img src="http://www.auchandirect.fr/static/images/products/line/58431.jpg" alt="" class="produit "/></a><div class="picto"><span class="invisible"></span></div><img src="http://www.auchandirect.fr/static/images/promo_small.png" class="ruban"/><div class="boutons-produit"><a id="addProductToBasket_21" onclick="javascript:Tapestry.waitForPage(event);" title="Ajouter au panier" class="bt-produit-ajout-panier" href="http://www.auchandirect.fr/rayon.productgridorlist.productlist.thumbnailproduct.addproducttobasket/58431?t:ac=promos"><span>Ajouter au panier</span></a><a id="addProductToShoppingList_21" onclick="javascript:Tapestry.waitForPage(event);" title="Ajouter à ma liste" class="bt-produit-ajout-liste" href="http://www.auchandirect.fr/rayon.productgridorlist.productlist.thumbnailproduct.addproducttoshoppinglist/58431?t:ac=promos">Ajouter à ma liste</a></div><div class="infos-produit-1"><div class="prix-actuel"><span>1.25€</span></div></div><div class="infos-produit-2"><a title="Voir le produit" href="produits-laitiers,-%25C5%2593ufs/yaourts,-desserts/cr%25C3%25A8mes-desserts-chocolat/id1/464/58431.html"><h3>DANETTE</h3><h4>Crèmes desserts chocolat</h4><h4>PRIX CHOC</h4><p>
4 x 125 g
<br/>
2.50€/kg
</p></a></div><div class="mini_picto_bas"><!-- FIXME IDEM --><span class="com.atosworldline.ri.auchan.direct.front.tapestry.data.multimedia.Picture@1f0c135b pictoListing txtImg">XXXXX</span><!-- FIXME IDEM --><span class="com.atosworldline.ri.auchan.direct.front.tapestry.data.multimedia.Picture@51cacb49 pictoListing txtImg">XXXXX</span></div></div></div></td></tr><tr><td><div class="bloc-produit promotion"><div class="bloc-produit-content   "><a title="Voir le produit" href="produits-laitiers,-%25C5%2593ufs/yaourts,-desserts/desserts-cr%25C3%25A8mes-brul%25C3%25A9e/id1/464/51351.html"><img src="http://www.auchandirect.fr/static/images/products/line/51351.jpg" alt="" class="produit "/></a><div class="picto"><span class="invisible"></span></div><img src="http://www.auchandirect.fr/static/images/promo_small.png" class="ruban"/><div class="boutons-produit"><a id="addProductToBasket_22" onclick="javascript:Tapestry.waitForPage(event);" title="Ajouter au panier" class="bt-produit-ajout-panier" href="http://www.auchandirect.fr/rayon.productgridorlist.productlist.thumbnailproduct.addproducttobasket/51351?t:ac=promos"><span>Ajouter au panier</span></a><a id="addProductToShoppingList_22" onclick="javascript:Tapestry.waitForPage(event);" title="Ajouter à ma liste" class="bt-produit-ajout-liste" href="http://www.auchandirect.fr/rayon.productgridorlist.productlist.thumbnailproduct.addproducttoshoppinglist/51351?t:ac=promos">Ajouter à ma liste</a></div><div class="infos-produit-1"><div class="prix-actuel"><span>1.25€</span></div></div><div class="infos-produit-2"><a title="Voir le produit" href="produits-laitiers,-%25C5%2593ufs/yaourts,-desserts/desserts-cr%25C3%25A8mes-brul%25C3%25A9e/id1/464/51351.html"><h3>DANETTE</h3><h4>Desserts crèmes brulée</h4><h4>PRIX CHOC</h4><p>
4 x 125 g
<br/>
2.50€/kg
</p></a></div><div class="mini_picto_bas"><!-- FIXME IDEM --><span class="com.atosworldline.ri.auchan.direct.front.tapestry.data.multimedia.Picture@7bc027d7 pictoListing txtImg">XXXXX</span><!-- FIXME IDEM --><span class="com.atosworldline.ri.auchan.direct.front.tapestry.data.multimedia.Picture@477d3ba pictoListing txtImg">XXXXX</span></div></div></div></td><td><div class="bloc-produit promotion"><div class="bloc-produit-content   "><a title="Voir le produit" href="produits-laitiers,-%25C5%2593ufs/yaourts,-desserts/cr%25C3%25A8mes-desserts-speculoos/id1/464/61157.html"><img src="http://www.auchandirect.fr/static/images/products/line/61157.jpg" alt="" class="produit "/></a><div class="picto"><span class="invisible"></span></div><img src="http://www.auchandirect.fr/static/images/promo_small.png" class="ruban"/><div class="boutons-produit"><a id="addProductToBasket_23" onclick="javascript:Tapestry.waitForPage(event);" title="Ajouter au panier" class="bt-produit-ajout-panier" href="http://www.auchandirect.fr/rayon.productgridorlist.productlist.thumbnailproduct.addproducttobasket/61157?t:ac=promos"><span>Ajouter au panier</span></a><a id="addProductToShoppingList_23" onclick="javascript:Tapestry.waitForPage(event);" title="Ajouter à ma liste" class="bt-produit-ajout-liste" href="http://www.auchandirect.fr/rayon.productgridorlist.productlist.thumbnailproduct.addproducttoshoppinglist/61157?t:ac=promos">Ajouter à ma liste</a></div><div class="infos-produit-1"><div class="prix-actuel"><span>1.25€</span></div></div><div class="infos-produit-2"><a title="Voir le produit" href="produits-laitiers,-%25C5%2593ufs/yaourts,-desserts/cr%25C3%25A8mes-desserts-speculoos/id1/464/61157.html"><h3>DANETTE</h3><h4>Crèmes desserts Speculoos</h4><h4>PRIX CHOC</h4><p>
4 x 125 g
<br/>
2.50€/kg
</p></a></div><div class="mini_picto_bas"><!-- FIXME IDEM --><span class="com.atosworldline.ri.auchan.direct.front.tapestry.data.multimedia.Picture@78d8eaf5 pictoListing txtImg">XXXXX</span><!-- FIXME IDEM --><span class="com.atosworldline.ri.auchan.direct.front.tapestry.data.multimedia.Picture@6929b8ce pictoListing txtImg">XXXXX</span></div></div></div></td><td><div class="bloc-produit promotion"><div class="bloc-produit-content   "><a title="Voir le produit" href="produits-laitiers,-%25C5%2593ufs/yaourts,-desserts/cr%25C3%25A8me-dessert-caramel-sal%25C3%25A9/id1/464/61158.html"><img src="http://www.auchandirect.fr/static/images/products/line/61158.jpg" alt="" class="produit "/></a><div class="picto"><span class="invisible"></span></div><img src="http://www.auchandirect.fr/static/images/promo_small.png" class="ruban"/><div class="boutons-produit"><a id="addProductToBasket_24" onclick="javascript:Tapestry.waitForPage(event);" title="Ajouter au panier" class="bt-produit-ajout-panier" href="http://www.auchandirect.fr/rayon.productgridorlist.productlist.thumbnailproduct.addproducttobasket/61158?t:ac=promos"><span>Ajouter au panier</span></a><a id="addProductToShoppingList_24" onclick="javascript:Tapestry.waitForPage(event);" title="Ajouter à ma liste" class="bt-produit-ajout-liste" href="http://www.auchandirect.fr/rayon.productgridorlist.productlist.thumbnailproduct.addproducttoshoppinglist/61158?t:ac=promos">Ajouter à ma liste</a></div><div class="infos-produit-1"><div class="prix-actuel"><span>1.25€</span></div></div><div class="infos-produit-2"><a title="Voir le produit" href="produits-laitiers,-%25C5%2593ufs/yaourts,-desserts/cr%25C3%25A8me-dessert-caramel-sal%25C3%25A9/id1/464/61158.html"><h3>DANETTE</h3><h4>Crème dessert Caramel Salé</h4><h4>PRIX CHOC</h4><p>
500 g
<br/>
2.50€/kg
</p></a></div><div class="mini_picto_bas"><!-- FIXME IDEM --><span class="com.atosworldline.ri.auchan.direct.front.tapestry.data.multimedia.Picture@5e2edf35 pictoListing txtImg">XXXXX</span><!-- FIXME IDEM --><span class="com.atosworldline.ri.auchan.direct.front.tapestry.data.multimedia.Picture@574040e1 pictoListing txtImg">XXXXX</span></div></div></div></td></tr><tr><td><div class="bloc-produit promotion"><div class="bloc-produit-content   "><a title="Voir le produit" href="produits-laitiers,-%25C5%2593ufs/yaourts,-desserts/cr%25C3%25A8mes-dessert-chocolat-au-lait/id1/464/6595.html"><img src="http://www.auchandirect.fr/static/images/products/line/6595.jpg" alt="" class="produit "/></a><div class="picto"><span class="invisible"></span></div><img src="http://www.auchandirect.fr/static/images/promo_small.png" class="ruban"/><div class="boutons-produit"><a id="addProductToBasket_25" onclick="javascript:Tapestry.waitForPage(event);" title="Ajouter au panier" class="bt-produit-ajout-panier" href="http://www.auchandirect.fr/rayon.productgridorlist.productlist.thumbnailproduct.addproducttobasket/6595?t:ac=promos"><span>Ajouter au panier</span></a><a id="addProductToShoppingList_25" onclick="javascript:Tapestry.waitForPage(event);" title="Ajouter à ma liste" class="bt-produit-ajout-liste" href="http://www.auchandirect.fr/rayon.productgridorlist.productlist.thumbnailproduct.addproducttoshoppinglist/6595?t:ac=promos">Ajouter à ma liste</a></div><div class="infos-produit-1"><div class="prix-actuel"><span>1.25€</span></div></div><div class="infos-produit-2"><a title="Voir le produit" href="produits-laitiers,-%25C5%2593ufs/yaourts,-desserts/cr%25C3%25A8mes-dessert-chocolat-au-lait/id1/464/6595.html"><h3>DANETTE</h3><h4>Crèmes dessert chocolat au lait</h4><h4>PRIX CHOC</h4><p>
4 x 125 g
<br/>
2.50€/kg
</p></a></div><div class="mini_picto_bas"><!-- FIXME IDEM --><span class="com.atosworldline.ri.auchan.direct.front.tapestry.data.multimedia.Picture@9c01d87 pictoListing txtImg">XXXXX</span><!-- FIXME IDEM --><span class="com.atosworldline.ri.auchan.direct.front.tapestry.data.multimedia.Picture@23d28f11 pictoListing txtImg">XXXXX</span></div></div></div></td><td><div class="bloc-produit promotion"><div class="bloc-produit-content   "><a title="Voir le produit" href="produits-laitiers,-%25C5%2593ufs/yaourts,-desserts/cr%25C3%25A8mes-desserts-chocolat-blanc/id1/464/60207.html"><img src="http://www.auchandirect.fr/static/images/products/line/60207.jpg" alt="" class="produit "/></a><div class="picto"><span class="invisible"></span></div><img src="http://www.auchandirect.fr/static/images/promo_small.png" class="ruban"/><div class="boutons-produit"><a id="addProductToBasket_26" onclick="javascript:Tapestry.waitForPage(event);" title="Ajouter au panier" class="bt-produit-ajout-panier" href="http://www.auchandirect.fr/rayon.productgridorlist.productlist.thumbnailproduct.addproducttobasket/60207?t:ac=promos"><span>Ajouter au panier</span></a><a id="addProductToShoppingList_26" onclick="javascript:Tapestry.waitForPage(event);" title="Ajouter à ma liste" class="bt-produit-ajout-liste" href="http://www.auchandirect.fr/rayon.productgridorlist.productlist.thumbnailproduct.addproducttoshoppinglist/60207?t:ac=promos">Ajouter à ma liste</a></div><div class="infos-produit-1"><div class="prix-actuel"><span>1.25€</span></div></div><div class="infos-produit-2"><a title="Voir le produit" href="produits-laitiers,-%25C5%2593ufs/yaourts,-desserts/cr%25C3%25A8mes-desserts-chocolat-blanc/id1/464/60207.html"><h3>DANETTE</h3><h4>Crèmes desserts Chocolat Blanc</h4><h4>PRIX CHOC</h4><p>
4 x 125 g
<br/>
2.50€/kg
</p></a></div><div class="mini_picto_bas"><!-- FIXME IDEM --><span class="com.atosworldline.ri.auchan.direct.front.tapestry.data.multimedia.Picture@1a8ecf69 pictoListing txtImg">XXXXX</span></div></div></div></td><td><div class="bloc-produit promotion"><div class="bloc-produit-content   "><a title="Voir le produit" href="produits-laitiers,-%25C5%2593ufs/yaourts,-desserts/lv_gu-moelleux-au-chocolat,-2-x-65-g/id1/464/LV0000002163.html"><img src="http://www.auchandirect.fr/static/images/products/line/LV0000002163.jpg" alt="" class="produit "/></a><div class="picto"><span class="invisible"></span></div><img src="http://www.auchandirect.fr/static/images/le-2eme-a-50pourcent_small.png" class="ruban"/><div class="boutons-produit"><a id="addProductToBasket_27" onclick="javascript:Tapestry.waitForPage(event);" title="Ajouter au panier" class="bt-produit-ajout-panier" href="http://www.auchandirect.fr/rayon.productgridorlist.productlist.thumbnailproduct.addproducttobasket/LV0000002163?t:ac=promos"><span>Ajouter au panier</span></a><a id="addProductToShoppingList_27" onclick="javascript:Tapestry.waitForPage(event);" title="Ajouter à ma liste" class="bt-produit-ajout-liste" href="http://www.auchandirect.fr/rayon.productgridorlist.productlist.thumbnailproduct.addproducttoshoppinglist/LV0000002163?t:ac=promos">Ajouter à ma liste</a></div><div class="infos-produit-1"><div class="prix-old">7.70€</div><div class="prix-promo">5.78€</div></div><div class="infos-produit-2"><a title="Voir le produit" href="produits-laitiers,-%25C5%2593ufs/yaourts,-desserts/lv_gu-moelleux-au-chocolat,-2-x-65-g/id1/464/LV0000002163.html"><h3>GU</h3><h4></h4><h4>Moelleux au chocolat, 2 x 65 g</h4><p>
null
<br/>
22.23€/kg
</p></a></div><div class="mini_picto_bas"></div></div></div></td></tr><tr><td><div class="bloc-produit promotion"><div class="bloc-produit-content   "><a title="Voir le produit" href="produits-laitiers,-%25C5%2593ufs/yaourts,-desserts/lv_gu-mousse-au-chocolat,-2-x-60-g/id1/464/LV0000001932.html"><img src="http://www.auchandirect.fr/static/images/products/line/LV0000001932.jpg" alt="" class="produit "/></a><div class="picto"><span class="invisible"></span></div><img src="http://www.auchandirect.fr/static/images/le-2eme-a-50pourcent_small.png" class="ruban"/><div class="boutons-produit"><a id="addProductToBasket_28" onclick="javascript:Tapestry.waitForPage(event);" title="Ajouter au panier" class="bt-produit-ajout-panier" href="http://www.auchandirect.fr/rayon.productgridorlist.productlist.thumbnailproduct.addproducttobasket/LV0000001932?t:ac=promos"><span>Ajouter au panier</span></a><a id="addProductToShoppingList_28" onclick="javascript:Tapestry.waitForPage(event);" title="Ajouter à ma liste" class="bt-produit-ajout-liste" href="http://www.auchandirect.fr/rayon.productgridorlist.productlist.thumbnailproduct.addproducttoshoppinglist/LV0000001932?t:ac=promos">Ajouter à ma liste</a></div><div class="infos-produit-1"><div class="prix-old">7.98€</div><div class="prix-promo">5.99€</div></div><div class="infos-produit-2"><a title="Voir le produit" href="produits-laitiers,-%25C5%2593ufs/yaourts,-desserts/lv_gu-mousse-au-chocolat,-2-x-60-g/id1/464/LV0000001932.html"><h3>GU</h3><h4></h4><h4>Mousse au chocolat, 2 x 60 g</h4><p>

<br/>
24.96€/kg
</p></a></div><div class="mini_picto_bas"></div></div></div></td><td><div class="bloc-produit promotion"><div class="bloc-produit-content   "><a title="Voir le produit" href="produits-laitiers,-%25C5%2593ufs/cr%25C3%25A9merie,-oeufs/beurre-moul%25C3%25A9-sel-de-gu%25C3%25A9rande,-lot-de-2/id1/459/86655.html"><img src="http://www.auchandirect.fr/static/images/products/line/86655.jpg" alt="" class="produit "/></a><div class="picto"><span class="invisible"></span></div><img src="http://www.auchandirect.fr/static/images/promo_small.png" class="ruban"/><div class="boutons-produit"><a id="addProductToBasket_29" onclick="javascript:Tapestry.waitForPage(event);" title="Ajouter au panier" class="bt-produit-ajout-panier" href="http://www.auchandirect.fr/rayon.productgridorlist.productlist.thumbnailproduct.addproducttobasket/86655?t:ac=promos"><span>Ajouter au panier</span></a><a id="addProductToShoppingList_29" onclick="javascript:Tapestry.waitForPage(event);" title="Ajouter à ma liste" class="bt-produit-ajout-liste" href="http://www.auchandirect.fr/rayon.productgridorlist.productlist.thumbnailproduct.addproducttoshoppinglist/86655?t:ac=promos">Ajouter à ma liste</a></div><div class="infos-produit-1"><div class="prix-actuel"><span>3.32€</span></div></div><div class="infos-produit-2"><a title="Voir le produit" href="produits-laitiers,-%25C5%2593ufs/cr%25C3%25A9merie,-oeufs/beurre-moul%25C3%25A9-sel-de-gu%25C3%25A9rande,-lot-de-2/id1/459/86655.html"><h3>PAYSAN BRETON</h3><h4>beurre moulé sel de guérande, lot de 2</h4><h4></h4><p>
2 x 250g
<br/>
6.64€/kg
</p></a></div><div class="mini_picto_bas"><!-- FIXME IDEM --><span class="com.atosworldline.ri.auchan.direct.front.tapestry.data.multimedia.Picture@89239ad pictoListing txtImg">XXXXX</span></div></div></div></td><td><div class="bloc-produit promotion"><div class="bloc-produit-content   "><a title="Voir le produit" href="produits-laitiers,-%25C5%2593ufs/fromages/fromage-frais/id1/466/80135.html"><img src="http://www.auchandirect.fr/static/images/products/line/80135.jpg" alt="" class="produit "/></a><div class="picto"><span class="invisible"></span></div><img src="http://www.auchandirect.fr/static/images/promo_small.png" class="ruban"/><div class="boutons-produit"><a id="addProductToBasket_30" onclick="javascript:Tapestry.waitForPage(event);" title="Ajouter au panier" class="bt-produit-ajout-panier" href="http://www.auchandirect.fr/rayon.productgridorlist.productlist.thumbnailproduct.addproducttobasket/80135?t:ac=promos"><span>Ajouter au panier</span></a><a id="addProductToShoppingList_30" onclick="javascript:Tapestry.waitForPage(event);" title="Ajouter à ma liste" class="bt-produit-ajout-liste" href="http://www.auchandirect.fr/rayon.productgridorlist.productlist.thumbnailproduct.addproducttoshoppinglist/80135?t:ac=promos">Ajouter à ma liste</a></div><div class="infos-produit-1"><div class="prix-actuel"><span>3.39€</span></div></div><div class="infos-produit-2"><a title="Voir le produit" href="produits-laitiers,-%25C5%2593ufs/fromages/fromage-frais/id1/466/80135.html"><h3>ST MORET</h3><h4>Fromage frais</h4><h4>+ 30 g GRATUIT</h4><p>
300 g + 30 g
</p></a></div><div class="mini_picto_bas"><!-- FIXME IDEM --><span class="com.atosworldline.ri.auchan.direct.front.tapestry.data.multimedia.Picture@3a781d7d pictoListing txtImg">XXXXX</span></div></div></div></td></tr><tr><td><div class="bloc-produit promotion"><div class="bloc-produit-content   "><a title="Voir le produit" href="http://www.auchandirect.fr/produits-laitiers,-œufs/yaourts,-desserts/yaourts-brassés-nature/id1/464/80273"><img src="http://www.auchandirect.fr/static/images/products/line/80273.jpg" alt="" class="produit "/></a><div class="picto"><span class="invisible"></span></div><img src="http://www.auchandirect.fr/static/images/promo_small.png" class="ruban"/><div class="boutons-produit"><a id="addProductToBasket_31" onclick="javascript:Tapestry.waitForPage(event);" title="Ajouter au panier" class="bt-produit-ajout-panier" href="http://www.auchandirect.fr/rayon.productgridorlist.productlist.thumbnailproduct.addproducttobasket/80273?t:ac=promos"><span>Ajouter au panier</span></a><a id="addProductToShoppingList_31" onclick="javascript:Tapestry.waitForPage(event);" title="Ajouter à ma liste" class="bt-produit-ajout-liste" href="http://www.auchandirect.fr/rayon.productgridorlist.productlist.thumbnailproduct.addproducttoshoppinglist/80273?t:ac=promos">Ajouter à ma liste</a></div><div class="infos-produit-1"><div class="prix-actuel"><span>2.93€</span></div></div><div class="infos-produit-2"><a title="Voir le produit" href="http://www.auchandirect.fr/produits-laitiers,-œufs/yaourts,-desserts/yaourts-brassés-nature/id1/464/80273"><h3>VELOUTE</h3><h4>Yaourts brassés nature</h4><h4>+ 4 GRATUITS</h4><p>
12 x 125 g + 4 GRATUITS
<br/>
1.47€/kg
</p></a></div><div class="mini_picto_bas"><!-- FIXME IDEM --><span class="com.atosworldline.ri.auchan.direct.front.tapestry.data.multimedia.Picture@3ff0f41a pictoListing txtImg">XXXXX</span><!-- FIXME IDEM --><span class="com.atosworldline.ri.auchan.direct.front.tapestry.data.multimedia.Picture@6429f7c1 pictoListing txtImg">XXXXX</span></div></div></div></td><td><div class="bloc-produit promotion"><div class="bloc-produit-content   "><a title="Voir le produit" href="http://www.auchandirect.fr/produits-laitiers,-œufs/yaourts,-desserts/fruix-panachés/id1/464/60922"><img src="http://www.auchandirect.fr/static/images/products/line/60922.jpg" alt="" class="produit "/></a><div class="picto"><span class="invisible"></span></div><img src="http://www.auchandirect.fr/static/images/promo_small.png" class="ruban"/><div class="boutons-produit"><a id="addProductToBasket_32" onclick="javascript:Tapestry.waitForPage(event);" title="Ajouter au panier" class="bt-produit-ajout-panier" href="http://www.auchandirect.fr/rayon.productgridorlist.productlist.thumbnailproduct.addproducttobasket/60922?t:ac=promos"><span>Ajouter au panier</span></a><a id="addProductToShoppingList_32" onclick="javascript:Tapestry.waitForPage(event);" title="Ajouter à ma liste" class="bt-produit-ajout-liste" href="http://www.auchandirect.fr/rayon.productgridorlist.productlist.thumbnailproduct.addproducttoshoppinglist/60922?t:ac=promos">Ajouter à ma liste</a></div><div class="infos-produit-1"><div class="prix-actuel"><span>2.83€</span></div></div><div class="infos-produit-2"><a title="Voir le produit" href="http://www.auchandirect.fr/produits-laitiers,-œufs/yaourts,-desserts/fruix-panachés/id1/464/60922"><h3>VELOUTE</h3><h4>Fruix panachés</h4><h4>+ 4 GRATUITS</h4><p>
12 x 125 g + 4 GRATUITS
<br/>
1.42€/kg
</p></a></div><div class="mini_picto_bas"><!-- FIXME IDEM --><span class="com.atosworldline.ri.auchan.direct.front.tapestry.data.multimedia.Picture@626d9f3 pictoListing txtImg">XXXXX</span><!-- FIXME IDEM --><span class="com.atosworldline.ri.auchan.direct.front.tapestry.data.multimedia.Picture@60aee3ac pictoListing txtImg">XXXXX</span></div></div></div></td><td></td></tr></table><div class="pro-ecolo"><h1>Charcuterie Traiteur</h1></div><table><tr><td><div class="bloc-produit promotion"><div class="bloc-produit-content   "><a title="Voir le produit" href="charcuterie-traiteur/charcuterie/lv_saucisson-st-agaune,-200-g-offre-decouverte/id1/468/LV0000002346.html"><img src="http://www.auchandirect.fr/static/images/products/line/LV0000002346.jpg" alt="" class="produit "/></a><div class="picto"><span class="invisible"></span></div><img src="http://www.auchandirect.fr/static/images/le-2eme-a-50pourcent_small.png" class="ruban"/><div class="boutons-produit"><a id="addProductToBasket_33" onclick="javascript:Tapestry.waitForPage(event);" title="Ajouter au panier" class="bt-produit-ajout-panier" href="http://www.auchandirect.fr/rayon.productgridorlist.productlist.thumbnailproduct.addproducttobasket/LV0000002346?t:ac=promos"><span>Ajouter au panier</span></a><a id="addProductToShoppingList_33" onclick="javascript:Tapestry.waitForPage(event);" title="Ajouter à ma liste" class="bt-produit-ajout-liste" href="http://www.auchandirect.fr/rayon.productgridorlist.productlist.thumbnailproduct.addproducttoshoppinglist/LV0000002346?t:ac=promos">Ajouter à ma liste</a></div><div class="infos-produit-1"><div class="prix-old">8.78€</div><div class="prix-promo">6.59€</div></div><div class="infos-produit-2"><a title="Voir le produit" href="charcuterie-traiteur/charcuterie/lv_saucisson-st-agaune,-200-g-offre-decouverte/id1/468/LV0000002346.html"><h3>BORDEAU CHESNEL</h3><h4></h4><h4>Saucisson St Agaune, 200 g OFFRE DECOUVERTE</h4><p>

<br/>
3.30€/kg
</p></a></div><div class="mini_picto_bas"></div></div></div></td><td><div class="bloc-produit promotion"><div class="bloc-produit-content   "><a title="Voir le produit" href="charcuterie-traiteur/charcuterie/lv_tendre-noix-%25C3%25A0-l'etouff%25C3%25A9e,-4-x-40-g/id1/468/LV0000000810.html"><img src="http://www.auchandirect.fr/static/images/products/line/LV0000000810.jpg" alt="" class="produit "/></a><div class="picto"><span class="invisible"></span></div><img src="http://www.auchandirect.fr/static/images/le-2eme-a-50pourcent_small.png" class="ruban"/><div class="boutons-produit"><a id="addProductToBasket_34" onclick="javascript:Tapestry.waitForPage(event);" title="Ajouter au panier" class="bt-produit-ajout-panier" href="http://www.auchandirect.fr/rayon.productgridorlist.productlist.thumbnailproduct.addproducttobasket/LV0000000810?t:ac=promos"><span>Ajouter au panier</span></a><a id="addProductToShoppingList_34" onclick="javascript:Tapestry.waitForPage(event);" title="Ajouter à ma liste" class="bt-produit-ajout-liste" href="http://www.auchandirect.fr/rayon.productgridorlist.productlist.thumbnailproduct.addproducttoshoppinglist/LV0000000810?t:ac=promos">Ajouter à ma liste</a></div><div class="infos-produit-1"><div class="prix-old">6.44€</div><div class="prix-promo">4.83€</div></div><div class="infos-produit-2"><a title="Voir le produit" href="charcuterie-traiteur/charcuterie/lv_tendre-noix-%25C3%25A0-l'etouff%25C3%25A9e,-4-x-40-g/id1/468/LV0000000810.html"><h3>HERTA</h3><h4></h4><h4>Tendre Noix à l'Etouffée, 4 x 40 g</h4><p>

<br/>
15.09€/kg
</p></a></div><div class="mini_picto_bas"></div></div></div></td><td></td></tr></table><div class="pro-ecolo"><h1>Surgelés</h1></div><table><tr><td><div class="bloc-produit promotion"><div class="bloc-produit-content   "><a title="Voir le produit" href="surgel%25C3%25A9s/viandes,-produits-de-la-mer/gigot-d'agneau/id1/470/60449.html"><img src="http://www.auchandirect.fr/static/images/products/line/60449.jpg" alt="" class="produit "/></a><div class="picto"><span class="invisible"></span></div><img src="http://www.auchandirect.fr/static/images/promo_small.png" class="ruban"/><div class="boutons-produit"><a id="addProductToBasket_35" onclick="javascript:Tapestry.waitForPage(event);" title="Ajouter au panier" class="bt-produit-ajout-panier" href="http://www.auchandirect.fr/rayon.productgridorlist.productlist.thumbnailproduct.addproducttobasket/60449?t:ac=promos"><span>Ajouter au panier</span></a><a id="addProductToShoppingList_35" onclick="javascript:Tapestry.waitForPage(event);" title="Ajouter à ma liste" class="bt-produit-ajout-liste" href="http://www.auchandirect.fr/rayon.productgridorlist.productlist.thumbnailproduct.addproducttoshoppinglist/60449?t:ac=promos">Ajouter à ma liste</a></div><div class="infos-produit-1"><div class="prix-old">17.99€</div><div class="prix-promo">14.99€</div></div><div class="infos-produit-2"><a title="Voir le produit" href="surgel%25C3%25A9s/viandes,-produits-de-la-mer/gigot-d'agneau/id1/470/60449.html"><h3>AGNEAU</h3><h4>Gigot d'agneau</h4><h4>Nouvelle Zélande</h4><p>
1,8 kg
<br/>
8.33€/kg
</p></a></div><div class="mini_picto_bas"><!-- FIXME IDEM --><span class="com.atosworldline.ri.auchan.direct.front.tapestry.data.multimedia.Picture@2c5169e0 pictoListing txtImg">XXXXX</span></div></div></div></td><td><div class="bloc-produit promotion"><div class="bloc-produit-content   "><a title="Voir le produit" href="surgel%25C3%25A9s/ap%25C3%25A9ritifs,-entr%25C3%25A9es,-snacks/lv_allumettes-x-28-+-20-gratuit,-375-g/id1/472/LV0000002341.html"><img src="http://www.auchandirect.fr/static/images/products/line/LV0000002341.jpg" alt="" class="produit "/></a><div class="picto"><span class="invisible"></span></div><img src="http://www.auchandirect.fr/static/images/2achetes-1offert_small.png" class="ruban"/><div class="boutons-produit"><a id="addProductToBasket_36" onclick="javascript:Tapestry.waitForPage(event);" title="Ajouter au panier" class="bt-produit-ajout-panier" href="http://www.auchandirect.fr/rayon.productgridorlist.productlist.thumbnailproduct.addproducttobasket/LV0000002341?t:ac=promos"><span>Ajouter au panier</span></a><a id="addProductToShoppingList_36" onclick="javascript:Tapestry.waitForPage(event);" title="Ajouter à ma liste" class="bt-produit-ajout-liste" href="http://www.auchandirect.fr/rayon.productgridorlist.productlist.thumbnailproduct.addproducttoshoppinglist/LV0000002341?t:ac=promos">Ajouter à ma liste</a></div><div class="infos-produit-1"><div class="prix-old">11.97€</div><div class="prix-promo">7.98€</div></div><div class="infos-produit-2"><a title="Voir le produit" href="surgel%25C3%25A9s/ap%25C3%25A9ritifs,-entr%25C3%25A9es,-snacks/lv_allumettes-x-28-+-20-gratuit,-375-g/id1/472/LV0000002341.html"><h3>BROSSARD </h3><h4></h4><h4>Allumettes x 28 + 20 % gratuit, 375 g</h4><p>

</p></a></div><div class="mini_picto_bas"></div></div></div></td><td><div class="bloc-produit promotion"><div class="bloc-produit-content   "><a title="Voir le produit" href="surgel%25C3%25A9s/destockage-produits-festifs/lv_mareyeur-noix-de-st-jacques-avec-corail,-400g/id1/467562/LV0000000152.html"><img src="http://www.auchandirect.fr/static/images/products/line/LV0000000152.jpg" alt="" class="produit "/></a><div class="picto"><span class="invisible"></span></div><img src="http://www.auchandirect.fr/static/images/le-2eme-a-50pourcent_small.png" class="ruban"/><div class="boutons-produit"><a id="addProductToBasket_37" onclick="javascript:Tapestry.waitForPage(event);" title="Ajouter au panier" class="bt-produit-ajout-panier" href="http://www.auchandirect.fr/rayon.productgridorlist.productlist.thumbnailproduct.addproducttobasket/LV0000000152?t:ac=promos"><span>Ajouter au panier</span></a><a id="addProductToShoppingList_37" onclick="javascript:Tapestry.waitForPage(event);" title="Ajouter à ma liste" class="bt-produit-ajout-liste" href="http://www.auchandirect.fr/rayon.productgridorlist.productlist.thumbnailproduct.addproducttoshoppinglist/LV0000000152?t:ac=promos">Ajouter à ma liste</a></div><div class="infos-produit-1"><div class="prix-old">15.98€</div><div class="prix-promo">11.99€</div></div><div class="infos-produit-2"><a title="Voir le produit" href="surgel%25C3%25A9s/destockage-produits-festifs/lv_mareyeur-noix-de-st-jacques-avec-corail,-400g/id1/467562/LV0000000152.html"><h3>MAREYEUR</h3><h4></h4><h4>Noix de St jacques avec corail, 400g
</h4><p>

<br/>
14.99€/kg
</p></a></div><div class="mini_picto_bas"></div></div></div></td></tr><tr><td></td><td></td><td></td></tr></table><div class="pro-ecolo"><h1>Epicerie Salée</h1></div><table><tr><td><div class="bloc-produit promotion"><div class="bloc-produit-content   "><a title="Voir le produit" href="epicerie-sal%25C3%25A9e/conserves,-plats-cuisin%25C3%25A9s/haricots-verts-cueillis-et-rang%25C3%25A9s-%25C3%25A0-la-main/id1/479/23572.html"><img src="http://www.auchandirect.fr/static/images/products/line/23572.jpg" alt="" class="produit "/></a><div class="picto"><span class="invisible"></span></div><img src="http://www.auchandirect.fr/static/images/moins-10pourcent_small.png" class="ruban"/><div class="boutons-produit"><a id="addProductToBasket_38" onclick="javascript:Tapestry.waitForPage(event);" title="Ajouter au panier" class="bt-produit-ajout-panier" href="http://www.auchandirect.fr/rayon.productgridorlist.productlist.thumbnailproduct.addproducttobasket/23572?t:ac=promos"><span>Ajouter au panier</span></a><a id="addProductToShoppingList_38" onclick="javascript:Tapestry.waitForPage(event);" title="Ajouter à ma liste" class="bt-produit-ajout-liste" href="http://www.auchandirect.fr/rayon.productgridorlist.productlist.thumbnailproduct.addproducttoshoppinglist/23572?t:ac=promos">Ajouter à ma liste</a></div><div class="infos-produit-1"><div class="prix-old">2.22€</div><div class="prix-promo">1.99€</div></div><div class="infos-produit-2"><a title="Voir le produit" href="epicerie-sal%25C3%25A9e/conserves,-plats-cuisin%25C3%25A9s/haricots-verts-cueillis-et-rang%25C3%25A9s-%25C3%25A0-la-main/id1/479/23572.html"><h3>AUCHAN</h3><h4>Haricots verts cueillis et rangés à la main</h4><h4>Extras fins</h4><p>
345 g
<br/>
5.77€/kg
</p></a></div><div class="mini_picto_bas"><!-- FIXME IDEM --><span class="com.atosworldline.ri.auchan.direct.front.tapestry.data.multimedia.Picture@4605720f pictoListing txtImg">XXXXX</span><!-- FIXME IDEM --><span class="com.atosworldline.ri.auchan.direct.front.tapestry.data.multimedia.Picture@f835ab3 pictoListing txtImg">XXXXX</span></div></div></div></td><td><div class="bloc-produit promotion"><div class="bloc-produit-content   "><a title="Voir le produit" href="epicerie-sal%25C3%25A9e/p%25C3%25A2tes,-riz,-pur%25C3%25A9es/riz-thai/id1/480/37726.html"><img src="http://www.auchandirect.fr/static/images/products/line/37726.jpg" alt="" class="produit "/></a><div class="picto"><span class="invisible"></span></div><img src="http://www.auchandirect.fr/static/images/moins-10pourcent_small.png" class="ruban"/><div class="boutons-produit"><a id="addProductToBasket_39" onclick="javascript:Tapestry.waitForPage(event);" title="Ajouter au panier" class="bt-produit-ajout-panier" href="http://www.auchandirect.fr/rayon.productgridorlist.productlist.thumbnailproduct.addproducttobasket/37726?t:ac=promos"><span>Ajouter au panier</span></a><a id="addProductToShoppingList_39" onclick="javascript:Tapestry.waitForPage(event);" title="Ajouter à ma liste" class="bt-produit-ajout-liste" href="http://www.auchandirect.fr/rayon.productgridorlist.productlist.thumbnailproduct.addproducttoshoppinglist/37726?t:ac=promos">Ajouter à ma liste</a></div><div class="infos-produit-1"><div class="prix-old">2.71€</div><div class="prix-promo">2.43€</div></div><div class="infos-produit-2"><a title="Voir le produit" href="epicerie-sal%25C3%25A9e/p%25C3%25A2tes,-riz,-pur%25C3%25A9es/riz-thai/id1/480/37726.html"><h3>AUCHAN</h3><h4>Riz thai</h4><h4></h4><p>
1 kg
<br/>
2.43€/kg
</p></a></div><div class="mini_picto_bas"><!-- FIXME IDEM --><span class="com.atosworldline.ri.auchan.direct.front.tapestry.data.multimedia.Picture@60e15299 pictoListing txtImg">XXXXX</span></div></div></div></td><td><div class="bloc-produit promotion"><div class="bloc-produit-content   "><a title="Voir le produit" href="epicerie-sal%25C3%25A9e/sauces,-condiments/vinaigre-balsamique-de-mod%25C3%25A8ne-6%25C2%25B0/id1/482/24520.html"><img src="http://www.auchandirect.fr/static/images/products/line/24520.jpg" alt="" class="produit "/></a><div class="picto"><span class="invisible"></span></div><img src="http://www.auchandirect.fr/static/images/moins-10pourcent_small.png" class="ruban"/><div class="boutons-produit"><a id="addProductToBasket_40" onclick="javascript:Tapestry.waitForPage(event);" title="Ajouter au panier" class="bt-produit-ajout-panier" href="http://www.auchandirect.fr/rayon.productgridorlist.productlist.thumbnailproduct.addproducttobasket/24520?t:ac=promos"><span>Ajouter au panier</span></a><a id="addProductToShoppingList_40" onclick="javascript:Tapestry.waitForPage(event);" title="Ajouter à ma liste" class="bt-produit-ajout-liste" href="http://www.auchandirect.fr/rayon.productgridorlist.productlist.thumbnailproduct.addproducttoshoppinglist/24520?t:ac=promos">Ajouter à ma liste</a></div><div class="infos-produit-1"><div class="prix-old">2.30€</div><div class="prix-promo">2.07€</div></div><div class="infos-produit-2"><a title="Voir le produit" href="epicerie-sal%25C3%25A9e/sauces,-condiments/vinaigre-balsamique-de-mod%25C3%25A8ne-6%25C2%25B0/id1/482/24520.html"><h3>AUCHAN</h3><h4>Vinaigre balsamique de modène 6°</h4><h4></h4><p>
50 cl
<br/>
4.14€/l
</p></a></div><div class="mini_picto_bas"><!-- FIXME IDEM --><span class="com.atosworldline.ri.auchan.direct.front.tapestry.data.multimedia.Picture@6979bbae pictoListing txtImg">XXXXX</span></div></div></div></td></tr><tr><td><div class="bloc-produit promotion"><div class="bloc-produit-content   "><a title="Voir le produit" href="epicerie-sal%25C3%25A9e/p%25C3%25A2tes,-riz,-pur%25C3%25A9es/p%25C3%25A2tes-farfalle/id1/480/49950.html"><img src="http://www.auchandirect.fr/static/images/products/line/49950.jpg" alt="" class="produit "/></a><div class="picto"><span class="invisible"></span></div><img src="http://www.auchandirect.fr/static/images/moins-25pourcent_small.png" class="ruban"/><div class="boutons-produit"><a id="addProductToBasket_41" onclick="javascript:Tapestry.waitForPage(event);" title="Ajouter au panier" class="bt-produit-ajout-panier" href="http://www.auchandirect.fr/rayon.productgridorlist.productlist.thumbnailproduct.addproducttobasket/49950?t:ac=promos"><span>Ajouter au panier</span></a><a id="addProductToShoppingList_41" onclick="javascript:Tapestry.waitForPage(event);" title="Ajouter à ma liste" class="bt-produit-ajout-liste" href="http://www.auchandirect.fr/rayon.productgridorlist.productlist.thumbnailproduct.addproducttoshoppinglist/49950?t:ac=promos">Ajouter à ma liste</a></div><div class="infos-produit-1"><div class="prix-old">2.80€</div><div class="prix-promo">2.10€</div></div><div class="infos-produit-2"><a title="Voir le produit" href="epicerie-sal%25C3%25A9e/p%25C3%25A2tes,-riz,-pur%25C3%25A9es/p%25C3%25A2tes-farfalle/id1/480/49950.html"><h3>BARILLA</h3><h4>Pâtes farfalle</h4><h4></h4><p>
3 x 500 g
<br/>
1.40€/kg
</p></a></div><div class="mini_picto_bas"></div></div></div></td><td><div class="bloc-produit promotion"><div class="bloc-produit-content   "><a title="Voir le produit" href="epicerie-sal%25C3%25A9e/p%25C3%25A2tes,-riz,-pur%25C3%25A9es/penne-rigate/id1/480/47461.html"><img src="http://www.auchandirect.fr/static/images/products/line/47461.jpg" alt="" class="produit "/></a><div class="picto"><span class="invisible"></span></div><img src="http://www.auchandirect.fr/static/images/moins-25pourcent_small.png" class="ruban"/><div class="boutons-produit"><a id="addProductToBasket_42" onclick="javascript:Tapestry.waitForPage(event);" title="Ajouter au panier" class="bt-produit-ajout-panier" href="http://www.auchandirect.fr/rayon.productgridorlist.productlist.thumbnailproduct.addproducttobasket/47461?t:ac=promos"><span>Ajouter au panier</span></a><a id="addProductToShoppingList_42" onclick="javascript:Tapestry.waitForPage(event);" title="Ajouter à ma liste" class="bt-produit-ajout-liste" href="http://www.auchandirect.fr/rayon.productgridorlist.productlist.thumbnailproduct.addproducttoshoppinglist/47461?t:ac=promos">Ajouter à ma liste</a></div><div class="infos-produit-1"><div class="prix-old">2.80€</div><div class="prix-promo">2.10€</div></div><div class="infos-produit-2"><a title="Voir le produit" href="epicerie-sal%25C3%25A9e/p%25C3%25A2tes,-riz,-pur%25C3%25A9es/penne-rigate/id1/480/47461.html"><h3>BARILLA</h3><h4>Penne Rigate</h4><h4></h4><p>
3 x 500 g
<br/>
1.40€/kg
</p></a></div><div class="mini_picto_bas"></div></div></div></td><td><div class="bloc-produit promotion"><div class="bloc-produit-content   "><a title="Voir le produit" href="epicerie-sal%25C3%25A9e/p%25C3%25A2tes,-riz,-pur%25C3%25A9es/p%25C3%25A2tes-spaghettoni/id1/480/47454.html"><img src="http://www.auchandirect.fr/static/images/products/line/47454.jpg" alt="" class="produit "/></a><div class="picto"><span class="invisible"></span></div><img src="http://www.auchandirect.fr/static/images/moins-25pourcent_small.png" class="ruban"/><div class="boutons-produit"><a id="addProductToBasket_43" onclick="javascript:Tapestry.waitForPage(event);" title="Ajouter au panier" class="bt-produit-ajout-panier" href="http://www.auchandirect.fr/rayon.productgridorlist.productlist.thumbnailproduct.addproducttobasket/47454?t:ac=promos"><span>Ajouter au panier</span></a><a id="addProductToShoppingList_43" onclick="javascript:Tapestry.waitForPage(event);" title="Ajouter à ma liste" class="bt-produit-ajout-liste" href="http://www.auchandirect.fr/rayon.productgridorlist.productlist.thumbnailproduct.addproducttoshoppinglist/47454?t:ac=promos">Ajouter à ma liste</a></div><div class="infos-produit-1"><div class="prix-old">2.80€</div><div class="prix-promo">2.10€</div></div><div class="infos-produit-2"><a title="Voir le produit" href="epicerie-sal%25C3%25A9e/p%25C3%25A2tes,-riz,-pur%25C3%25A9es/p%25C3%25A2tes-spaghettoni/id1/480/47454.html"><h3>BARILLA</h3><h4>Pâtes spaghettoni</h4><h4></h4><p>
3 x 500 g
<br/>
1.40€/kg
</p></a></div><div class="mini_picto_bas"></div></div></div></td></tr><tr><td><div class="bloc-produit promotion"><div class="bloc-produit-content   "><a title="Voir le produit" href="epicerie-sal%25C3%25A9e/sauces,-condiments/huile-d'olive-vierge-extra/id1/482/58819.html"><img src="http://www.auchandirect.fr/static/images/products/line/58819.jpg" alt="" class="produit "/></a><div class="picto"><span class="invisible"></span></div><img src="http://www.auchandirect.fr/static/images/promo_small.png" class="ruban"/><div class="boutons-produit"><a id="addProductToBasket_44" onclick="javascript:Tapestry.waitForPage(event);" title="Ajouter au panier" class="bt-produit-ajout-panier" href="http://www.auchandirect.fr/rayon.productgridorlist.productlist.thumbnailproduct.addproducttobasket/58819?t:ac=promos"><span>Ajouter au panier</span></a><a id="addProductToShoppingList_44" onclick="javascript:Tapestry.waitForPage(event);" title="Ajouter à ma liste" class="bt-produit-ajout-liste" href="http://www.auchandirect.fr/rayon.productgridorlist.productlist.thumbnailproduct.addproducttoshoppinglist/58819?t:ac=promos">Ajouter à ma liste</a></div><div class="infos-produit-1"><div class="prix-actuel"><span>6.16€</span></div></div><div class="infos-produit-2"><a title="Voir le produit" href="epicerie-sal%25C3%25A9e/sauces,-condiments/huile-d'olive-vierge-extra/id1/482/58819.html"><h3>CARAPELLI</h3><h4>Huile d'olive vierge extra</h4><h4></h4><p>
75 cl +33% GRATUITS
<br/>
8.21€/l
</p></a></div><div class="mini_picto_bas"></div></div></div></td><td><div class="bloc-produit promotion"><div class="bloc-produit-content   "><a title="Voir le produit" href="epicerie-sal%25C3%25A9e/sauces,-condiments/bouillon-pot-au-feu-d%25C3%25A9graiss%25C3%25A9/id1/482/44045.html"><img src="http://www.auchandirect.fr/static/images/products/line/44045.jpg" alt="" class="produit "/></a><div class="picto"><span class="invisible"></span></div><img src="http://www.auchandirect.fr/static/images/moins-25pourcent_small.png" class="ruban"/><div class="boutons-produit"><a id="addProductToBasket_45" onclick="javascript:Tapestry.waitForPage(event);" title="Ajouter au panier" class="bt-produit-ajout-panier" href="http://www.auchandirect.fr/rayon.productgridorlist.productlist.thumbnailproduct.addproducttobasket/44045?t:ac=promos"><span>Ajouter au panier</span></a><a id="addProductToShoppingList_45" onclick="javascript:Tapestry.waitForPage(event);" title="Ajouter à ma liste" class="bt-produit-ajout-liste" href="http://www.auchandirect.fr/rayon.productgridorlist.productlist.thumbnailproduct.addproducttoshoppinglist/44045?t:ac=promos">Ajouter à ma liste</a></div><div class="infos-produit-1"><div class="prix-old">1.99€</div><div class="prix-promo">1.49€</div></div><div class="infos-produit-2"><a title="Voir le produit" href="epicerie-sal%25C3%25A9e/sauces,-condiments/bouillon-pot-au-feu-d%25C3%25A9graiss%25C3%25A9/id1/482/44045.html"><h3>MAGGI</h3><h4>Bouillon pot au feu dégraissé</h4><h4></h4><p>
12 x 132 g
<br/>
11.46€/kg
</p></a></div><div class="mini_picto_bas"><!-- FIXME IDEM --><span class="com.atosworldline.ri.auchan.direct.front.tapestry.data.multimedia.Picture@161912fb pictoListing txtImg">XXXXX</span></div></div></div></td><td><div class="bloc-produit promotion"><div class="bloc-produit-content   "><a title="Voir le produit" href="epicerie-sal%25C3%25A9e/sauces,-condiments/bouillon-de-volaille-d%25C3%25A9graiss%25C3%25A9/id1/482/43929.html"><img src="http://www.auchandirect.fr/static/images/products/line/43929.jpg" alt="" class="produit "/></a><div class="picto"><span class="invisible"></span></div><img src="http://www.auchandirect.fr/static/images/moins-25pourcent_small.png" class="ruban"/><div class="boutons-produit"><a id="addProductToBasket_46" onclick="javascript:Tapestry.waitForPage(event);" title="Ajouter au panier" class="bt-produit-ajout-panier" href="http://www.auchandirect.fr/rayon.productgridorlist.productlist.thumbnailproduct.addproducttobasket/43929?t:ac=promos"><span>Ajouter au panier</span></a><a id="addProductToShoppingList_46" onclick="javascript:Tapestry.waitForPage(event);" title="Ajouter à ma liste" class="bt-produit-ajout-liste" href="http://www.auchandirect.fr/rayon.productgridorlist.productlist.thumbnailproduct.addproducttoshoppinglist/43929?t:ac=promos">Ajouter à ma liste</a></div><div class="infos-produit-1"><div class="prix-old">2.15€</div><div class="prix-promo">1.61€</div></div><div class="infos-produit-2"><a title="Voir le produit" href="epicerie-sal%25C3%25A9e/sauces,-condiments/bouillon-de-volaille-d%25C3%25A9graiss%25C3%25A9/id1/482/43929.html"><h3>MAGGI</h3><h4>Bouillon de volaille dégraissé</h4><h4></h4><p>
12 x 132 g
<br/>
12.20€/kg
</p></a></div><div class="mini_picto_bas"><!-- FIXME IDEM --><span class="com.atosworldline.ri.auchan.direct.front.tapestry.data.multimedia.Picture@ca1dac3 pictoListing txtImg">XXXXX</span></div></div></div></td></tr><tr><td><div class="bloc-produit promotion"><div class="bloc-produit-content   "><a title="Voir le produit" href="epicerie-sal%25C3%25A9e/sauces,-condiments/pr%25C3%25A9paration-sauce-fond-de-veau/id1/482/1647.html"><img src="http://www.auchandirect.fr/static/images/products/line/1647.jpg" alt="" class="produit "/></a><div class="picto"><span class="invisible"></span></div><img src="http://www.auchandirect.fr/static/images/moins-25pourcent_small.png" class="ruban"/><div class="boutons-produit"><a id="addProductToBasket_47" onclick="javascript:Tapestry.waitForPage(event);" title="Ajouter au panier" class="bt-produit-ajout-panier" href="http://www.auchandirect.fr/rayon.productgridorlist.productlist.thumbnailproduct.addproducttobasket/1647?t:ac=promos"><span>Ajouter au panier</span></a><a id="addProductToShoppingList_47" onclick="javascript:Tapestry.waitForPage(event);" title="Ajouter à ma liste" class="bt-produit-ajout-liste" href="http://www.auchandirect.fr/rayon.productgridorlist.productlist.thumbnailproduct.addproducttoshoppinglist/1647?t:ac=promos">Ajouter à ma liste</a></div><div class="infos-produit-1"><div class="prix-old">2.82€</div><div class="prix-promo">2.11€</div></div><div class="infos-produit-2"><a title="Voir le produit" href="epicerie-sal%25C3%25A9e/sauces,-condiments/pr%25C3%25A9paration-sauce-fond-de-veau/id1/482/1647.html"><h3>MAGGI</h3><h4>Préparation sauce fond de veau</h4><h4></h4><p>
110 g
<br/>
19.18€/kg
</p></a></div><div class="mini_picto_bas"><!-- FIXME IDEM --><span class="com.atosworldline.ri.auchan.direct.front.tapestry.data.multimedia.Picture@209a7f56 pictoListing txtImg">XXXXX</span></div></div></div></td><td><div class="bloc-produit promotion"><div class="bloc-produit-content   "><a title="Voir le produit" href="epicerie-sal%25C3%25A9e/sauces,-condiments/fond-pour-r%25C3%25B4tis/id1/482/40826.html"><img src="http://www.auchandirect.fr/static/images/products/line/40826.jpg" alt="" class="produit "/></a><div class="picto"><span class="invisible"></span></div><img src="http://www.auchandirect.fr/static/images/moins-25pourcent_small.png" class="ruban"/><div class="boutons-produit"><a id="addProductToBasket_48" onclick="javascript:Tapestry.waitForPage(event);" title="Ajouter au panier" class="bt-produit-ajout-panier" href="http://www.auchandirect.fr/rayon.productgridorlist.productlist.thumbnailproduct.addproducttobasket/40826?t:ac=promos"><span>Ajouter au panier</span></a><a id="addProductToShoppingList_48" onclick="javascript:Tapestry.waitForPage(event);" title="Ajouter à ma liste" class="bt-produit-ajout-liste" href="http://www.auchandirect.fr/rayon.productgridorlist.productlist.thumbnailproduct.addproducttoshoppinglist/40826?t:ac=promos">Ajouter à ma liste</a></div><div class="infos-produit-1"><div class="prix-old">3.39€</div><div class="prix-promo">2.54€</div></div><div class="infos-produit-2"><a title="Voir le produit" href="epicerie-sal%25C3%25A9e/sauces,-condiments/fond-pour-r%25C3%25B4tis/id1/482/40826.html"><h3>MAGGI</h3><h4>Fond pour rôtis</h4><h4></h4><p>
110 g
<br/>
23.09€/kg
</p></a></div><div class="mini_picto_bas"><!-- FIXME IDEM --><span class="com.atosworldline.ri.auchan.direct.front.tapestry.data.multimedia.Picture@8793d31 pictoListing txtImg">XXXXX</span></div></div></div></td><td><div class="bloc-produit promotion"><div class="bloc-produit-content   "><a title="Voir le produit" href="epicerie-sal%25C3%25A9e/sauces,-condiments/fumet-de-poisson/id1/482/101029.html"><img src="http://www.auchandirect.fr/static/images/products/line/101029.jpg" alt="" class="produit "/></a><div class="picto"><span class="invisible"></span></div><img src="http://www.auchandirect.fr/static/images/moins-25pourcent_small.png" class="ruban"/><div class="boutons-produit"><a id="addProductToBasket_49" onclick="javascript:Tapestry.waitForPage(event);" title="Ajouter au panier" class="bt-produit-ajout-panier" href="http://www.auchandirect.fr/rayon.productgridorlist.productlist.thumbnailproduct.addproducttobasket/101029?t:ac=promos"><span>Ajouter au panier</span></a><a id="addProductToShoppingList_49" onclick="javascript:Tapestry.waitForPage(event);" title="Ajouter à ma liste" class="bt-produit-ajout-liste" href="http://www.auchandirect.fr/rayon.productgridorlist.productlist.thumbnailproduct.addproducttoshoppinglist/101029?t:ac=promos">Ajouter à ma liste</a></div><div class="infos-produit-1"><div class="prix-old">3.99€</div><div class="prix-promo">2.99€</div></div><div class="infos-produit-2"><a title="Voir le produit" href="epicerie-sal%25C3%25A9e/sauces,-condiments/fumet-de-poisson/id1/482/101029.html"><h3>MAGGI</h3><h4>Fumet de poisson</h4><h4></h4><p>
90 g
<br/>
33.22€/kg
</p></a></div><div class="mini_picto_bas"><!-- FIXME IDEM --><span class="com.atosworldline.ri.auchan.direct.front.tapestry.data.multimedia.Picture@2a130b60 pictoListing txtImg">XXXXX</span></div></div></div></td></tr><tr><td><div class="bloc-produit promotion"><div class="bloc-produit-content   "><a title="Voir le produit" href="epicerie-sal%25C3%25A9e/sauces,-condiments/huile-d'olive-fruit%25C3%25A9e-d'olive-noire/id1/482/110672.html"><img src="http://www.auchandirect.fr/static/images/products/line/110672.jpg" alt="" class="produit "/></a><div class="picto"><span class="invisible"></span></div><img src="http://www.auchandirect.fr/static/images/moins-40pourcent_small.png" class="ruban"/><div class="boutons-produit"><a id="addProductToBasket_50" onclick="javascript:Tapestry.waitForPage(event);" title="Ajouter au panier" class="bt-produit-ajout-panier" href="http://www.auchandirect.fr/rayon.productgridorlist.productlist.thumbnailproduct.addproducttobasket/110672?t:ac=promos"><span>Ajouter au panier</span></a><a id="addProductToShoppingList_50" onclick="javascript:Tapestry.waitForPage(event);" title="Ajouter à ma liste" class="bt-produit-ajout-liste" href="http://www.auchandirect.fr/rayon.productgridorlist.productlist.thumbnailproduct.addproducttoshoppinglist/110672?t:ac=promos">Ajouter à ma liste</a></div><div class="infos-produit-1"><div class="prix-old">6.29€</div><div class="prix-promo">3.77€</div></div><div class="infos-produit-2"><a title="Voir le produit" href="epicerie-sal%25C3%25A9e/sauces,-condiments/huile-d'olive-fruit%25C3%25A9e-d'olive-noire/id1/482/110672.html"><h3>PUGET</h3><h4>Huile d'olive fruitée d'olive noire</h4><h4>OFFRE ECONOMIQUE</h4><p>
75 cl
<br/>
5.03€/l
</p></a></div><div class="mini_picto_bas"></div></div></div></td><td><div class="bloc-produit promotion"><div class="bloc-produit-content   "><a title="Voir le produit" href="epicerie-sal%25C3%25A9e/conserves,-plats-cuisin%25C3%25A9s/lv_filets-maquereaux-sauce-tomate-et-basilic,-169-g/id1/479/LV0000002012.html"><img src="http://www.auchandirect.fr/static/images/products/line/LV0000002012.jpg" alt="" class="produit "/></a><div class="picto"><span class="invisible"></span></div><img src="http://www.auchandirect.fr/static/images/prix-choc_small.png" class="ruban"/><div class="boutons-produit"><a id="addProductToBasket_51" onclick="javascript:Tapestry.waitForPage(event);" title="Ajouter au panier" class="bt-produit-ajout-panier" href="http://www.auchandirect.fr/rayon.productgridorlist.productlist.thumbnailproduct.addproducttobasket/LV0000002012?t:ac=promos"><span>Ajouter au panier</span></a><a id="addProductToShoppingList_51" onclick="javascript:Tapestry.waitForPage(event);" title="Ajouter à ma liste" class="bt-produit-ajout-liste" href="http://www.auchandirect.fr/rayon.productgridorlist.productlist.thumbnailproduct.addproducttoshoppinglist/LV0000002012?t:ac=promos">Ajouter à ma liste</a></div><div class="infos-produit-1"><div class="prix-old">5.19€</div><div class="prix-promo">4.34€</div></div><div class="infos-produit-2"><a title="Voir le produit" href="epicerie-sal%25C3%25A9e/conserves,-plats-cuisin%25C3%25A9s/lv_filets-maquereaux-sauce-tomate-et-basilic,-169-g/id1/479/LV0000002012.html"><h3>SAUPIQUET</h3><h4></h4><h4>Filets Maquereaux Sauce Tomate et Basilic, 169 g</h4><p>

<br/>
7.23€/kg
</p></a></div><div class="mini_picto_bas"></div></div></div></td><td><div class="bloc-produit promotion"><div class="bloc-produit-content   "><a title="Voir le produit" href="epicerie-sal%25C3%25A9e/conserves,-plats-cuisin%25C3%25A9s/thon-albacore-au-naturel/id1/479/88920.html"><img src="http://www.auchandirect.fr/static/images/products/line/88920.jpg" alt="" class="produit "/></a><div class="picto"><span class="invisible"></span></div><img src="http://www.auchandirect.fr/static/images/moins-25pourcent_small.png" class="ruban"/><div class="boutons-produit"><a id="addProductToBasket_52" onclick="javascript:Tapestry.waitForPage(event);" title="Ajouter au panier" class="bt-produit-ajout-panier" href="http://www.auchandirect.fr/rayon.productgridorlist.productlist.thumbnailproduct.addproducttobasket/88920?t:ac=promos"><span>Ajouter au panier</span></a><a id="addProductToShoppingList_52" onclick="javascript:Tapestry.waitForPage(event);" title="Ajouter à ma liste" class="bt-produit-ajout-liste" href="http://www.auchandirect.fr/rayon.productgridorlist.productlist.thumbnailproduct.addproducttoshoppinglist/88920?t:ac=promos">Ajouter à ma liste</a></div><div class="infos-produit-1"><div class="prix-old">5.80€</div><div class="prix-promo">4.35€</div></div><div class="infos-produit-2"><a title="Voir le produit" href="epicerie-sal%25C3%25A9e/conserves,-plats-cuisin%25C3%25A9s/thon-albacore-au-naturel/id1/479/88920.html"><h3>SAUPIQUET</h3><h4>Thon albacore au naturel</h4><h4></h4><p>
3 x 140 g
<br/>
10.36€/kg
</p></a></div><div class="mini_picto_bas"></div></div></div></td></tr><tr><td><div class="bloc-produit promotion"><div class="bloc-produit-content   "><a title="Voir le produit" href="http://www.auchandirect.fr/epicerie-salée/produits-salés-apéritifs/noix-de-cajou/id1/477/110684"><img src="http://www.auchandirect.fr/static/images/products/line/110684.jpg" alt="" class="produit "/></a><div class="picto"><span class="invisible"></span></div><img src="http://www.auchandirect.fr/static/images/moins-25pourcent_small.png" class="ruban"/><div class="boutons-produit"><a id="addProductToBasket_53" onclick="javascript:Tapestry.waitForPage(event);" title="Ajouter au panier" class="bt-produit-ajout-panier" href="http://www.auchandirect.fr/rayon.productgridorlist.productlist.thumbnailproduct.addproducttobasket/110684?t:ac=promos"><span>Ajouter au panier</span></a><a id="addProductToShoppingList_53" onclick="javascript:Tapestry.waitForPage(event);" title="Ajouter à ma liste" class="bt-produit-ajout-liste" href="http://www.auchandirect.fr/rayon.productgridorlist.productlist.thumbnailproduct.addproducttoshoppinglist/110684?t:ac=promos">Ajouter à ma liste</a></div><div class="infos-produit-1"><div class="prix-old">3.99€</div><div class="prix-promo">2.99€</div></div><div class="infos-produit-2"><a title="Voir le produit" href="http://www.auchandirect.fr/epicerie-salée/produits-salés-apéritifs/noix-de-cajou/id1/477/110684"><h3>VICO</h3><h4>Noix de cajou</h4><h4>+ 10 % GRATUITS</h4><p>
110 g + 10 % GRATUITS
<br/>
12.46€/kg
</p></a></div><div class="mini_picto_bas"></div></div></div></td><td></td><td></td></tr></table><div class="pro-ecolo"><h1>Petit-Déjeuner Epicerie Sucrée</h1></div><table><tr><td><div class="bloc-produit promotion"><div class="bloc-produit-content   "><a title="Voir le produit" href="petit-d%25C3%25A9jeuner-epicerie-sucr%25C3%25A9e/chocolats,-confiseries/barres-chocolat%25C3%25A9s-miel-et-amandes/id1/485/101712.html"><img src="http://www.auchandirect.fr/static/images/products/line/101712.jpg" alt="" class="produit "/></a><div class="picto"><span class="invisible"></span></div><img src="http://www.auchandirect.fr/static/images/promo_small.png" class="ruban"/><div class="boutons-produit"><a id="addProductToBasket_54" onclick="javascript:Tapestry.waitForPage(event);" title="Ajouter au panier" class="bt-produit-ajout-panier" href="http://www.auchandirect.fr/rayon.productgridorlist.productlist.thumbnailproduct.addproducttobasket/101712?t:ac=promos"><span>Ajouter au panier</span></a><a id="addProductToShoppingList_54" onclick="javascript:Tapestry.waitForPage(event);" title="Ajouter à ma liste" class="bt-produit-ajout-liste" href="http://www.auchandirect.fr/rayon.productgridorlist.productlist.thumbnailproduct.addproducttoshoppinglist/101712?t:ac=promos">Ajouter à ma liste</a></div><div class="infos-produit-1"><div class="prix-actuel"><span>4.16€</span></div></div><div class="infos-produit-2"><a title="Voir le produit" href="petit-d%25C3%25A9jeuner-epicerie-sucr%25C3%25A9e/chocolats,-confiseries/barres-chocolat%25C3%25A9s-miel-et-amandes/id1/485/101712.html"><h3>BALISTO</h3><h4>Barres chocolatés miel et amandes</h4><h4>Miel amandes</h4><p>
2 x 9
<br/>
1386.67€/kg
</p></a></div><div class="mini_picto_bas"></div></div></div></td><td><div class="bloc-produit promotion"><div class="bloc-produit-content   "><a title="Voir le produit" href="petit-d%25C3%25A9jeuner-epicerie-sucr%25C3%25A9e/petit-d%25C3%25A9jeuner/c%25C3%25A9r%25C3%25A9ales-au-chocolat-au-lait/id1/484/97045.html"><img src="http://www.auchandirect.fr/static/images/products/line/97045.jpg" alt="" class="produit "/></a><div class="picto"><span class="invisible"></span></div><img src="http://www.auchandirect.fr/static/images/moins-25pourcent_small.png" class="ruban"/><div class="boutons-produit"><a id="addProductToBasket_55" onclick="javascript:Tapestry.waitForPage(event);" title="Ajouter au panier" class="bt-produit-ajout-panier" href="http://www.auchandirect.fr/rayon.productgridorlist.productlist.thumbnailproduct.addproducttobasket/97045?t:ac=promos"><span>Ajouter au panier</span></a><a id="addProductToShoppingList_55" onclick="javascript:Tapestry.waitForPage(event);" title="Ajouter à ma liste" class="bt-produit-ajout-liste" href="http://www.auchandirect.fr/rayon.productgridorlist.productlist.thumbnailproduct.addproducttoshoppinglist/97045?t:ac=promos">Ajouter à ma liste</a></div><div class="infos-produit-1"><div class="prix-old">2.85€</div><div class="prix-promo">2.13€</div></div><div class="infos-produit-2"><a title="Voir le produit" href="petit-d%25C3%25A9jeuner-epicerie-sucr%25C3%25A9e/petit-d%25C3%25A9jeuner/c%25C3%25A9r%25C3%25A9ales-au-chocolat-au-lait/id1/484/97045.html"><h3>KELLOGG'S</h3><h4>Céréales au chocolat au lait</h4><h4>Trésor</h4><p>
400 g
<br/>
5.33€/kg
</p></a></div><div class="mini_picto_bas"></div></div></div></td><td><div class="bloc-produit promotion"><div class="bloc-produit-content   "><a title="Voir le produit" href="petit-d%25C3%25A9jeuner-epicerie-sucr%25C3%25A9e/petit-d%25C3%25A9jeuner/c%25C3%25A9r%25C3%25A9ales-chocolat-noisette/id1/484/98127.html"><img src="http://www.auchandirect.fr/static/images/products/line/98127.jpg" alt="" class="produit "/></a><div class="picto"><span class="invisible"></span></div><img src="http://www.auchandirect.fr/static/images/moins-25pourcent_small.png" class="ruban"/><div class="boutons-produit"><a id="addProductToBasket_56" onclick="javascript:Tapestry.waitForPage(event);" title="Ajouter au panier" class="bt-produit-ajout-panier" href="http://www.auchandirect.fr/rayon.productgridorlist.productlist.thumbnailproduct.addproducttobasket/98127?t:ac=promos"><span>Ajouter au panier</span></a><a id="addProductToShoppingList_56" onclick="javascript:Tapestry.waitForPage(event);" title="Ajouter à ma liste" class="bt-produit-ajout-liste" href="http://www.auchandirect.fr/rayon.productgridorlist.productlist.thumbnailproduct.addproducttoshoppinglist/98127?t:ac=promos">Ajouter à ma liste</a></div><div class="infos-produit-1"><div class="prix-old">2.85€</div><div class="prix-promo">2.13€</div></div><div class="infos-produit-2"><a title="Voir le produit" href="petit-d%25C3%25A9jeuner-epicerie-sucr%25C3%25A9e/petit-d%25C3%25A9jeuner/c%25C3%25A9r%25C3%25A9ales-chocolat-noisette/id1/484/98127.html"><h3>KELLOGG'S</h3><h4>Céréales chocolat noisette</h4><h4>Trésor</h4><p>
400 g
<br/>
5.33€/kg
</p></a></div><div class="mini_picto_bas"></div></div></div></td></tr><tr><td><div class="bloc-produit promotion"><div class="bloc-produit-content   "><a title="Voir le produit" href="petit-d%25C3%25A9jeuner-epicerie-sucr%25C3%25A9e/petit-d%25C3%25A9jeuner/coco-pop's-c%25C3%25A9r%25C3%25A9ales/id1/484/110346.html"><img src="http://www.auchandirect.fr/static/images/products/line/110346.jpg" alt="" class="produit "/></a><div class="picto"><span class="invisible"></span></div><img src="http://www.auchandirect.fr/static/images/promo_small.png" class="ruban"/><div class="boutons-produit"><a id="addProductToBasket_57" onclick="javascript:Tapestry.waitForPage(event);" title="Ajouter au panier" class="bt-produit-ajout-panier" href="http://www.auchandirect.fr/rayon.productgridorlist.productlist.thumbnailproduct.addproducttobasket/110346?t:ac=promos"><span>Ajouter au panier</span></a><a id="addProductToShoppingList_57" onclick="javascript:Tapestry.waitForPage(event);" title="Ajouter à ma liste" class="bt-produit-ajout-liste" href="http://www.auchandirect.fr/rayon.productgridorlist.productlist.thumbnailproduct.addproducttoshoppinglist/110346?t:ac=promos">Ajouter à ma liste</a></div><div class="infos-produit-1"><div class="prix-actuel"><span>2.50€</span></div></div><div class="infos-produit-2"><a title="Voir le produit" href="petit-d%25C3%25A9jeuner-epicerie-sucr%25C3%25A9e/petit-d%25C3%25A9jeuner/coco-pop's-c%25C3%25A9r%25C3%25A9ales/id1/484/110346.html"><h3>KELLOGG'S</h3><h4>Coco pop's céréales</h4><h4>Coco pop's</h4><p>
375 g +33% GRATUITS
<br/>
5.00€/kg
</p></a></div><div class="mini_picto_bas"></div></div></div></td><td><div class="bloc-produit promotion"><div class="bloc-produit-content   "><a title="Voir le produit" href="petit-d%25C3%25A9jeuner-epicerie-sucr%25C3%25A9e/petit-d%25C3%25A9jeuner/miel-pops-c%25C3%25A9r%25C3%25A9ales/id1/484/110345.html"><img src="http://www.auchandirect.fr/static/images/products/line/110345.jpg" alt="" class="produit "/></a><div class="picto"><span class="invisible"></span></div><img src="http://www.auchandirect.fr/static/images/promo_small.png" class="ruban"/><div class="boutons-produit"><a id="addProductToBasket_58" onclick="javascript:Tapestry.waitForPage(event);" title="Ajouter au panier" class="bt-produit-ajout-panier" href="http://www.auchandirect.fr/rayon.productgridorlist.productlist.thumbnailproduct.addproducttobasket/110345?t:ac=promos"><span>Ajouter au panier</span></a><a id="addProductToShoppingList_58" onclick="javascript:Tapestry.waitForPage(event);" title="Ajouter à ma liste" class="bt-produit-ajout-liste" href="http://www.auchandirect.fr/rayon.productgridorlist.productlist.thumbnailproduct.addproducttoshoppinglist/110345?t:ac=promos">Ajouter à ma liste</a></div><div class="infos-produit-1"><div class="prix-actuel"><span>2.50€</span></div></div><div class="infos-produit-2"><a title="Voir le produit" href="petit-d%25C3%25A9jeuner-epicerie-sucr%25C3%25A9e/petit-d%25C3%25A9jeuner/miel-pops-c%25C3%25A9r%25C3%25A9ales/id1/484/110345.html"><h3>KELLOGG'S</h3><h4>Miel pops céréales</h4><h4>Miel pops</h4><p>
375 g + 33% GRATUITS
<br/>
5.00€/kg
</p></a></div><div class="mini_picto_bas"></div></div></div></td><td><div class="bloc-produit promotion"><div class="bloc-produit-content   "><a title="Voir le produit" href="petit-d%25C3%25A9jeuner-epicerie-sucr%25C3%25A9e/petit-d%25C3%25A9jeuner/frosties-c%25C3%25A9r%25C3%25A9ales/id1/484/110347.html"><img src="http://www.auchandirect.fr/static/images/products/line/110347.jpg" alt="" class="produit "/></a><div class="picto"><span class="invisible"></span></div><img src="http://www.auchandirect.fr/static/images/promo_small.png" class="ruban"/><div class="boutons-produit"><a id="addProductToBasket_59" onclick="javascript:Tapestry.waitForPage(event);" title="Ajouter au panier" class="bt-produit-ajout-panier" href="http://www.auchandirect.fr/rayon.productgridorlist.productlist.thumbnailproduct.addproducttobasket/110347?t:ac=promos"><span>Ajouter au panier</span></a><a id="addProductToShoppingList_59" onclick="javascript:Tapestry.waitForPage(event);" title="Ajouter à ma liste" class="bt-produit-ajout-liste" href="http://www.auchandirect.fr/rayon.productgridorlist.productlist.thumbnailproduct.addproducttoshoppinglist/110347?t:ac=promos">Ajouter à ma liste</a></div><div class="infos-produit-1"><div class="prix-actuel"><span>2.50€</span></div></div><div class="infos-produit-2"><a title="Voir le produit" href="petit-d%25C3%25A9jeuner-epicerie-sucr%25C3%25A9e/petit-d%25C3%25A9jeuner/frosties-c%25C3%25A9r%25C3%25A9ales/id1/484/110347.html"><h3>KELLOGG'S</h3><h4>Frosties céréales</h4><h4>Frosties</h4><p>
375 g + 33% GRATUITS
<br/>
5.00€/kg
</p></a></div><div class="mini_picto_bas"></div></div></div></td></tr><tr><td><div class="bloc-produit promotion"><div class="bloc-produit-content   "><a title="Voir le produit" href="petit-d%25C3%25A9jeuner-epicerie-sucr%25C3%25A9e/petit-d%25C3%25A9jeuner/c%25C3%25A9r%25C3%25A9ales-aux-2-chocolats/id1/484/97733.html"><img src="http://www.auchandirect.fr/static/images/products/line/97733.jpg" alt="" class="produit "/></a><div class="picto"><span class="invisible"></span></div><img src="http://www.auchandirect.fr/static/images/moins-25pourcent_small.png" class="ruban"/><div class="boutons-produit"><a id="addProductToBasket_60" onclick="javascript:Tapestry.waitForPage(event);" title="Ajouter au panier" class="bt-produit-ajout-panier" href="http://www.auchandirect.fr/rayon.productgridorlist.productlist.thumbnailproduct.addproducttobasket/97733?t:ac=promos"><span>Ajouter au panier</span></a><a id="addProductToShoppingList_60" onclick="javascript:Tapestry.waitForPage(event);" title="Ajouter à ma liste" class="bt-produit-ajout-liste" href="http://www.auchandirect.fr/rayon.productgridorlist.productlist.thumbnailproduct.addproducttoshoppinglist/97733?t:ac=promos">Ajouter à ma liste</a></div><div class="infos-produit-1"><div class="prix-old">2.85€</div><div class="prix-promo">2.13€</div></div><div class="infos-produit-2"><a title="Voir le produit" href="petit-d%25C3%25A9jeuner-epicerie-sucr%25C3%25A9e/petit-d%25C3%25A9jeuner/c%25C3%25A9r%25C3%25A9ales-aux-2-chocolats/id1/484/97733.html"><h3>KELLOGG'S</h3><h4>Céréales aux 2 chocolats</h4><h4>Trésor</h4><p>
400 g
<br/>
5.33€/kg
</p></a></div><div class="mini_picto_bas"></div></div></div></td><td><div class="bloc-produit promotion"><div class="bloc-produit-content   "><a title="Voir le produit" href="petit-d%25C3%25A9jeuner-epicerie-sucr%25C3%25A9e/petit-d%25C3%25A9jeuner/lv_l'or-espresso-forza-capsules/id1/484/LV0000002365.html"><img src="http://www.auchandirect.fr/static/images/products/line/LV0000002365.jpg" alt="" class="produit "/></a><div class="picto"><span class="invisible"></span></div><img src="http://www.auchandirect.fr/static/images/1gratuit_small.png" class="ruban"/><div class="boutons-produit"><a id="addProductToBasket_61" onclick="javascript:Tapestry.waitForPage(event);" title="Ajouter au panier" class="bt-produit-ajout-panier" href="http://www.auchandirect.fr/rayon.productgridorlist.productlist.thumbnailproduct.addproducttobasket/LV0000002365?t:ac=promos"><span>Ajouter au panier</span></a><a id="addProductToShoppingList_61" onclick="javascript:Tapestry.waitForPage(event);" title="Ajouter à ma liste" class="bt-produit-ajout-liste" href="http://www.auchandirect.fr/rayon.productgridorlist.productlist.thumbnailproduct.addproducttoshoppinglist/LV0000002365?t:ac=promos">Ajouter à ma liste</a></div><div class="infos-produit-1"><div class="prix-old">13.16€</div><div class="prix-promo">9.87€</div></div><div class="infos-produit-2"><a title="Voir le produit" href="petit-d%25C3%25A9jeuner-epicerie-sucr%25C3%25A9e/petit-d%25C3%25A9jeuner/lv_l'or-espresso-forza-capsules/id1/484/LV0000002365.html"><h3>L'OR</h3><h4></h4><h4>L'OR ESPRESSO Forza capsules</h4><p>

<br/>
49.35€/kg
</p></a></div><div class="mini_picto_bas"></div></div></div></td><td><div class="bloc-produit promotion"><div class="bloc-produit-content   "><a title="Voir le produit" href="petit-d%25C3%25A9jeuner-epicerie-sucr%25C3%25A9e/petit-d%25C3%25A9jeuner/lv_l'or-espresso-d%25C3%25A9caffeinato-capsules/id1/484/LV0000002367.html"><img src="http://www.auchandirect.fr/static/images/products/line/LV0000002367.jpg" alt="" class="produit "/></a><div class="picto"><span class="invisible"></span></div><img src="http://www.auchandirect.fr/static/images/1gratuit_small.png" class="ruban"/><div class="boutons-produit"><a id="addProductToBasket_62" onclick="javascript:Tapestry.waitForPage(event);" title="Ajouter au panier" class="bt-produit-ajout-panier" href="http://www.auchandirect.fr/rayon.productgridorlist.productlist.thumbnailproduct.addproducttobasket/LV0000002367?t:ac=promos"><span>Ajouter au panier</span></a><a id="addProductToShoppingList_62" onclick="javascript:Tapestry.waitForPage(event);" title="Ajouter à ma liste" class="bt-produit-ajout-liste" href="http://www.auchandirect.fr/rayon.productgridorlist.productlist.thumbnailproduct.addproducttoshoppinglist/LV0000002367?t:ac=promos">Ajouter à ma liste</a></div><div class="infos-produit-1"><div class="prix-old">13.16€</div><div class="prix-promo">9.87€</div></div><div class="infos-produit-2"><a title="Voir le produit" href="petit-d%25C3%25A9jeuner-epicerie-sucr%25C3%25A9e/petit-d%25C3%25A9jeuner/lv_l'or-espresso-d%25C3%25A9caffeinato-capsules/id1/484/LV0000002367.html"><h3>L'OR</h3><h4></h4><h4>L'OR ESPRESSO Décaffeinato capsules </h4><p>

<br/>
49.35€/kg
</p></a></div><div class="mini_picto_bas"></div></div></div></td></tr><tr><td><div class="bloc-produit promotion"><div class="bloc-produit-content   "><a title="Voir le produit" href="petit-d%25C3%25A9jeuner-epicerie-sucr%25C3%25A9e/petit-d%25C3%25A9jeuner/lv_l'or-espresso-capsules-satinato/id1/484/LV0000002363.html"><img src="http://www.auchandirect.fr/static/images/products/line/LV0000002363.jpg" alt="" class="produit "/></a><div class="picto"><span class="invisible"></span></div><img src="http://www.auchandirect.fr/static/images/1gratuit_small.png" class="ruban"/><div class="boutons-produit"><a id="addProductToBasket_63" onclick="javascript:Tapestry.waitForPage(event);" title="Ajouter au panier" class="bt-produit-ajout-panier" href="http://www.auchandirect.fr/rayon.productgridorlist.productlist.thumbnailproduct.addproducttobasket/LV0000002363?t:ac=promos"><span>Ajouter au panier</span></a><a id="addProductToShoppingList_63" onclick="javascript:Tapestry.waitForPage(event);" title="Ajouter à ma liste" class="bt-produit-ajout-liste" href="http://www.auchandirect.fr/rayon.productgridorlist.productlist.thumbnailproduct.addproducttoshoppinglist/LV0000002363?t:ac=promos">Ajouter à ma liste</a></div><div class="infos-produit-1"><div class="prix-old">13.16€</div><div class="prix-promo">9.87€</div></div><div class="infos-produit-2"><a title="Voir le produit" href="petit-d%25C3%25A9jeuner-epicerie-sucr%25C3%25A9e/petit-d%25C3%25A9jeuner/lv_l'or-espresso-capsules-satinato/id1/484/LV0000002363.html"><h3>L'OR </h3><h4></h4><h4>L'OR ESPRESSO Capsules satinato</h4><p>

<br/>
47.45€/kg
</p></a></div><div class="mini_picto_bas"></div></div></div></td><td><div class="bloc-produit promotion"><div class="bloc-produit-content   "><a title="Voir le produit" href="petit-d%25C3%25A9jeuner-epicerie-sucr%25C3%25A9e/biscuits,-go%25C3%25BBters/biscuits-au-miel/id1/483/91609.html"><img src="http://www.auchandirect.fr/static/images/products/line/91609.jpg" alt="" class="produit "/></a><div class="picto"><span class="invisible"></span></div><img src="http://www.auchandirect.fr/static/images/moins-25pourcent_small.png" class="ruban"/><div class="boutons-produit"><a id="addProductToBasket_64" onclick="javascript:Tapestry.waitForPage(event);" title="Ajouter au panier" class="bt-produit-ajout-panier" href="http://www.auchandirect.fr/rayon.productgridorlist.productlist.thumbnailproduct.addproducttobasket/91609?t:ac=promos"><span>Ajouter au panier</span></a><a id="addProductToShoppingList_64" onclick="javascript:Tapestry.waitForPage(event);" title="Ajouter à ma liste" class="bt-produit-ajout-liste" href="http://www.auchandirect.fr/rayon.productgridorlist.productlist.thumbnailproduct.addproducttoshoppinglist/91609?t:ac=promos">Ajouter à ma liste</a></div><div class="infos-produit-1"><div class="prix-old">7.29€</div><div class="prix-promo">5.46€</div></div><div class="infos-produit-2"><a title="Voir le produit" href="petit-d%25C3%25A9jeuner-epicerie-sucr%25C3%25A9e/biscuits,-go%25C3%25BBters/biscuits-au-miel/id1/483/91609.html"><h3>LU</h3><h4>Biscuits au miel</h4><h4>BELVITA</h4><p>
3 x 435g
<br/>
4.18€/kg
</p></a></div><div class="mini_picto_bas"></div></div></div></td><td><div class="bloc-produit promotion"><div class="bloc-produit-content   "><a title="Voir le produit" href="petit-d%25C3%25A9jeuner-epicerie-sucr%25C3%25A9e/biscuits,-go%25C3%25BBters/biscuits-au-chocolat/id1/483/71860.html"><img src="http://www.auchandirect.fr/static/images/products/line/71860.jpg" alt="" class="produit "/></a><div class="picto"><span class="invisible"></span></div><img src="http://www.auchandirect.fr/static/images/moins-25pourcent_small.png" class="ruban"/><div class="boutons-produit"><a id="addProductToBasket_65" onclick="javascript:Tapestry.waitForPage(event);" title="Ajouter au panier" class="bt-produit-ajout-panier" href="http://www.auchandirect.fr/rayon.productgridorlist.productlist.thumbnailproduct.addproducttobasket/71860?t:ac=promos"><span>Ajouter au panier</span></a><a id="addProductToShoppingList_65" onclick="javascript:Tapestry.waitForPage(event);" title="Ajouter à ma liste" class="bt-produit-ajout-liste" href="http://www.auchandirect.fr/rayon.productgridorlist.productlist.thumbnailproduct.addproducttoshoppinglist/71860?t:ac=promos">Ajouter à ma liste</a></div><div class="infos-produit-1"><div class="prix-old">6.30€</div><div class="prix-promo">4.72€</div></div><div class="infos-produit-2"><a title="Voir le produit" href="petit-d%25C3%25A9jeuner-epicerie-sucr%25C3%25A9e/biscuits,-go%25C3%25BBters/biscuits-au-chocolat/id1/483/71860.html"><h3>LU</h3><h4>Biscuits au chocolat</h4><h4>BELVITA</h4><p>
3 x 400 g
<br/>
3.93€/kg
</p></a></div><div class="mini_picto_bas"></div></div></div></td></tr><tr><td><div class="bloc-produit promotion"><div class="bloc-produit-content   "><a title="Voir le produit" href="petit-d%25C3%25A9jeuner-epicerie-sucr%25C3%25A9e/petit-d%25C3%25A9jeuner/p%25C3%25A2te-%25C3%25A0-tartiner-aux-noisettes/id1/484/29318.html"><img src="http://www.auchandirect.fr/static/images/products/line/29318.jpg" alt="" class="produit "/></a><div class="picto"><span class="invisible"></span></div><img src="http://www.auchandirect.fr/static/images/moins-30pourcent_small.png" class="ruban"/><div class="boutons-produit"><a id="addProductToBasket_66" onclick="javascript:Tapestry.waitForPage(event);" title="Ajouter au panier" class="bt-produit-ajout-panier" href="http://www.auchandirect.fr/rayon.productgridorlist.productlist.thumbnailproduct.addproducttobasket/29318?t:ac=promos"><span>Ajouter au panier</span></a><a id="addProductToShoppingList_66" onclick="javascript:Tapestry.waitForPage(event);" title="Ajouter à ma liste" class="bt-produit-ajout-liste" href="http://www.auchandirect.fr/rayon.productgridorlist.productlist.thumbnailproduct.addproducttoshoppinglist/29318?t:ac=promos">Ajouter à ma liste</a></div><div class="infos-produit-1"><div class="prix-old">3.97€</div><div class="prix-promo">2.77€</div></div><div class="infos-produit-2"><a title="Voir le produit" href="petit-d%25C3%25A9jeuner-epicerie-sucr%25C3%25A9e/petit-d%25C3%25A9jeuner/p%25C3%25A2te-%25C3%25A0-tartiner-aux-noisettes/id1/484/29318.html"><h3>NUTELLA</h3><h4>Pâte à tartiner aux noisettes</h4><h4>OFFRE SPECIALE</h4><p>
780 g
<br/>
3.55€/kg
</p></a></div><div class="mini_picto_bas"></div></div></div></td><td><div class="bloc-produit promotion"><div class="bloc-produit-content   "><a title="Voir le produit" href="petit-d%25C3%25A9jeuner-epicerie-sucr%25C3%25A9e/petit-d%25C3%25A9jeuner/caf%25C3%25A9-moulu-pur-arabica-doux/id1/484/61042.html"><img src="http://www.auchandirect.fr/static/images/products/line/61042.jpg" alt="" class="produit "/></a><div class="picto"><span class="invisible"></span></div><img src="http://www.auchandirect.fr/static/images/promo_small.png" class="ruban"/><div class="boutons-produit"><a id="addProductToBasket_67" onclick="javascript:Tapestry.waitForPage(event);" title="Ajouter au panier" class="bt-produit-ajout-panier" href="http://www.auchandirect.fr/rayon.productgridorlist.productlist.thumbnailproduct.addproducttobasket/61042?t:ac=promos"><span>Ajouter au panier</span></a><a id="addProductToShoppingList_67" onclick="javascript:Tapestry.waitForPage(event);" title="Ajouter à ma liste" class="bt-produit-ajout-liste" href="http://www.auchandirect.fr/rayon.productgridorlist.productlist.thumbnailproduct.addproducttoshoppinglist/61042?t:ac=promos">Ajouter à ma liste</a></div><div class="infos-produit-1"><div class="prix-actuel"><span>5.99€</span></div></div><div class="infos-produit-2"><a title="Voir le produit" href="petit-d%25C3%25A9jeuner-epicerie-sucr%25C3%25A9e/petit-d%25C3%25A9jeuner/caf%25C3%25A9-moulu-pur-arabica-doux/id1/484/61042.html"><h3>VELOURS NOIR</h3><h4>Café moulu pur arabica doux</h4><h4>FORMAT PROMO</h4><p>
2 x 250 g
<br/>
11.98€/kg
</p></a></div><div class="mini_picto_bas"></div></div></div></td><td></td></tr></table><div class="pro-ecolo"><h1>Boissons</h1></div><table><tr><td><div class="bloc-produit promotion"><div class="bloc-produit-content   "><a title="Voir le produit" href="boissons/vins-et-champagnes/champagne-brut/id1/506/101013.html"><img src="http://www.auchandirect.fr/static/images/products/line/101013.jpg" alt="" class="produit "/></a><div class="picto"><span class="invisible"></span></div><img src="http://www.auchandirect.fr/static/images/promo_small.png" class="ruban"/><div class="boutons-produit"><a id="addProductToBasket_68" onclick="javascript:Tapestry.waitForPage(event);" title="Ajouter au panier" class="bt-produit-ajout-panier" href="http://www.auchandirect.fr/rayon.productgridorlist.productlist.thumbnailproduct.addproducttobasket/101013?t:ac=promos"><span>Ajouter au panier</span></a><a id="addProductToShoppingList_68" onclick="javascript:Tapestry.waitForPage(event);" title="Ajouter à ma liste" class="bt-produit-ajout-liste" href="http://www.auchandirect.fr/rayon.productgridorlist.productlist.thumbnailproduct.addproducttoshoppinglist/101013?t:ac=promos">Ajouter à ma liste</a></div><div class="infos-produit-1"><div class="prix-old">20.99€</div><div class="prix-promo">19.91€</div></div><div class="infos-produit-2"><a title="Voir le produit" href="boissons/vins-et-champagnes/champagne-brut/id1/506/101013.html"><h3>ALFRED ROTHSCHILD</h3><h4>Champagne brut</h4><h4></h4><p>
75 cl
<br/>
26.55€/l
</p></a></div><div class="mini_picto_bas"></div></div></div></td><td><div class="bloc-produit promotion"><div class="bloc-produit-content   "><a title="Voir le produit" href="boissons/produits-sal%25C3%25A9s-ap%25C3%25A9ritifs/lv_apericube-cocktail,-250-g/id1/445712/LV0000002059.html"><img src="http://www.auchandirect.fr/static/images/products/line/LV0000002059.jpg" alt="" class="produit "/></a><div class="picto"><span class="invisible"></span></div><img src="http://www.auchandirect.fr/static/images/2achetes-1offert_small.png" class="ruban"/><div class="boutons-produit"><a id="addProductToBasket_69" onclick="javascript:Tapestry.waitForPage(event);" title="Ajouter au panier" class="bt-produit-ajout-panier" href="http://www.auchandirect.fr/rayon.productgridorlist.productlist.thumbnailproduct.addproducttobasket/LV0000002059?t:ac=promos"><span>Ajouter au panier</span></a><a id="addProductToShoppingList_69" onclick="javascript:Tapestry.waitForPage(event);" title="Ajouter à ma liste" class="bt-produit-ajout-liste" href="http://www.auchandirect.fr/rayon.productgridorlist.productlist.thumbnailproduct.addproducttoshoppinglist/LV0000002059?t:ac=promos">Ajouter à ma liste</a></div><div class="infos-produit-1"><div class="prix-old">12.27€</div><div class="prix-promo">8.18€</div></div><div class="infos-produit-2"><a title="Voir le produit" href="boissons/produits-sal%25C3%25A9s-ap%25C3%25A9ritifs/lv_apericube-cocktail,-250-g/id1/445712/LV0000002059.html"><h3>APERICUBE</h3><h4></h4><h4>APERICUBE Cocktail, 250 g</h4><p>

<br/>
10.91€/kg
</p></a></div><div class="mini_picto_bas"></div></div></div></td><td><div class="bloc-produit promotion"><div class="bloc-produit-content   "><a title="Voir le produit" href="boissons/produits-sal%25C3%25A9s-ap%25C3%25A9ritifs/lv_best-of-des-saveurs,-250-g/id1/445712/LV0000002060.html"><img src="http://www.auchandirect.fr/static/images/products/line/LV0000002060.jpg" alt="" class="produit "/></a><div class="picto"><span class="invisible"></span></div><img src="http://www.auchandirect.fr/static/images/2achetes-1offert_small.png" class="ruban"/><div class="boutons-produit"><a id="addProductToBasket_70" onclick="javascript:Tapestry.waitForPage(event);" title="Ajouter au panier" class="bt-produit-ajout-panier" href="http://www.auchandirect.fr/rayon.productgridorlist.productlist.thumbnailproduct.addproducttobasket/LV0000002060?t:ac=promos"><span>Ajouter au panier</span></a><a id="addProductToShoppingList_70" onclick="javascript:Tapestry.waitForPage(event);" title="Ajouter à ma liste" class="bt-produit-ajout-liste" href="http://www.auchandirect.fr/rayon.productgridorlist.productlist.thumbnailproduct.addproducttoshoppinglist/LV0000002060?t:ac=promos">Ajouter à ma liste</a></div><div class="infos-produit-1"><div class="prix-old">12.27€</div><div class="prix-promo">8.18€</div></div><div class="infos-produit-2"><a title="Voir le produit" href="boissons/produits-sal%25C3%25A9s-ap%25C3%25A9ritifs/lv_best-of-des-saveurs,-250-g/id1/445712/LV0000002060.html"><h3>APERICUBE</h3><h4></h4><h4>Best of des saveurs, 250 g</h4><p>

<br/>
10.91€/kg
</p></a></div><div class="mini_picto_bas"></div></div></div></td></tr><tr><td><div class="bloc-produit promotion"><div class="bloc-produit-content   "><a title="Voir le produit" href="boissons/produits-sal%25C3%25A9s-ap%25C3%25A9ritifs/lv_apericube-edition-limit%25C3%25A9e-printemps/-%25C3%25A9t%25C3%25A9,-250-g/id1/445712/LV0000000169.html"><img src="http://www.auchandirect.fr/static/images/products/line/LV0000000169.jpg" alt="" class="produit "/></a><div class="picto"><span class="invisible"></span></div><img src="http://www.auchandirect.fr/static/images/2achetes-1offert_small.png" class="ruban"/><div class="boutons-produit"><a id="addProductToBasket_71" onclick="javascript:Tapestry.waitForPage(event);" title="Ajouter au panier" class="bt-produit-ajout-panier" href="http://www.auchandirect.fr/rayon.productgridorlist.productlist.thumbnailproduct.addproducttobasket/LV0000000169?t:ac=promos"><span>Ajouter au panier</span></a><a id="addProductToShoppingList_71" onclick="javascript:Tapestry.waitForPage(event);" title="Ajouter à ma liste" class="bt-produit-ajout-liste" href="http://www.auchandirect.fr/rayon.productgridorlist.productlist.thumbnailproduct.addproducttoshoppinglist/LV0000000169?t:ac=promos">Ajouter à ma liste</a></div><div class="infos-produit-1"><div class="prix-old">12.27€</div><div class="prix-promo">8.18€</div></div><div class="infos-produit-2"><a title="Voir le produit" href="boissons/produits-sal%25C3%25A9s-ap%25C3%25A9ritifs/lv_apericube-edition-limit%25C3%25A9e-printemps/-%25C3%25A9t%25C3%25A9,-250-g/id1/445712/LV0000000169.html"><h3>APERICUBE</h3><h4></h4><h4>Fromages Edition Limitée Automne/Hiver, 250 g</h4><p>

<br/>
10.91€/kg
</p></a></div><div class="mini_picto_bas"></div></div></div></td><td><div class="bloc-produit promotion"><div class="bloc-produit-content   "><a title="Voir le produit" href="boissons/produits-sal%25C3%25A9s-ap%25C3%25A9ritifs/olives-vertes-d%25C3%25A9noyaut%25C3%25A9es/id1/445712/59983.html"><img src="http://www.auchandirect.fr/static/images/products/line/59983.jpg" alt="" class="produit "/></a><div class="picto"><span class="invisible"></span></div><img src="http://www.auchandirect.fr/static/images/moins-10pourcent_small.png" class="ruban"/><div class="boutons-produit"><a id="addProductToBasket_72" onclick="javascript:Tapestry.waitForPage(event);" title="Ajouter au panier" class="bt-produit-ajout-panier" href="http://www.auchandirect.fr/rayon.productgridorlist.productlist.thumbnailproduct.addproducttobasket/59983?t:ac=promos"><span>Ajouter au panier</span></a><a id="addProductToShoppingList_72" onclick="javascript:Tapestry.waitForPage(event);" title="Ajouter à ma liste" class="bt-produit-ajout-liste" href="http://www.auchandirect.fr/rayon.productgridorlist.productlist.thumbnailproduct.addproducttoshoppinglist/59983?t:ac=promos">Ajouter à ma liste</a></div><div class="infos-produit-1"><div class="prix-old">1.29€</div><div class="prix-promo">1.16€</div></div><div class="infos-produit-2"><a title="Voir le produit" href="boissons/produits-sal%25C3%25A9s-ap%25C3%25A9ritifs/olives-vertes-d%25C3%25A9noyaut%25C3%25A9es/id1/445712/59983.html"><h3>AUCHAN</h3><h4>Olives vertes dénoyautées</h4><h4></h4><p>
370 ml
<br/>
3.14€/l
</p></a></div><div class="mini_picto_bas"><!-- FIXME IDEM --><span class="com.atosworldline.ri.auchan.direct.front.tapestry.data.multimedia.Picture@1b21eb8 pictoListing txtImg">XXXXX</span></div></div></div></td><td><div class="bloc-produit promotion"><div class="bloc-produit-content   "><a title="Voir le produit" href="boissons/eaux/lv_badoit-eau-min%25C3%25A9rale-naturelle-gazeuse/id1/478/LV0000002359.html"><img src="http://www.auchandirect.fr/static/images/products/line/LV0000002359.jpg" alt="" class="produit "/></a><div class="picto"><span class="invisible"></span></div><img src="http://www.auchandirect.fr/static/images/1achete-1offert_small.png" class="ruban"/><div class="boutons-produit"><a id="addProductToBasket_73" onclick="javascript:Tapestry.waitForPage(event);" title="Ajouter au panier" class="bt-produit-ajout-panier" href="http://www.auchandirect.fr/rayon.productgridorlist.productlist.thumbnailproduct.addproducttobasket/LV0000002359?t:ac=promos"><span>Ajouter au panier</span></a><a id="addProductToShoppingList_73" onclick="javascript:Tapestry.waitForPage(event);" title="Ajouter à ma liste" class="bt-produit-ajout-liste" href="http://www.auchandirect.fr/rayon.productgridorlist.productlist.thumbnailproduct.addproducttoshoppinglist/LV0000002359?t:ac=promos">Ajouter à ma liste</a></div><div class="infos-produit-1"><div class="prix-old">9.36€</div><div class="prix-promo">4.68€</div></div><div class="infos-produit-2"><a title="Voir le produit" href="boissons/eaux/lv_badoit-eau-min%25C3%25A9rale-naturelle-gazeuse/id1/478/LV0000002359.html"><h3>BADOIT</h3><h4></h4><h4>BADOIT Eau minérale naturelle gazeuse</h4><p>

<br/>
0.39€/l
</p></a></div><div class="mini_picto_bas"></div></div></div></td></tr><tr><td><div class="bloc-produit promotion"><div class="bloc-produit-content   "><a title="Voir le produit" href="boissons/vins-et-champagnes/bordeaux-classique/id1/506/111644.html"><img src="http://www.auchandirect.fr/static/images/products/line/111644.jpg" alt="" class="produit "/></a><div class="picto"><span class="invisible"></span></div><img src="http://www.auchandirect.fr/static/images/promo_small.png" class="ruban"/><div class="boutons-produit"><a id="addProductToBasket_74" onclick="javascript:Tapestry.waitForPage(event);" title="Ajouter au panier" class="bt-produit-ajout-panier" href="http://www.auchandirect.fr/rayon.productgridorlist.productlist.thumbnailproduct.addproducttobasket/111644?t:ac=promos"><span>Ajouter au panier</span></a><a id="addProductToShoppingList_74" onclick="javascript:Tapestry.waitForPage(event);" title="Ajouter à ma liste" class="bt-produit-ajout-liste" href="http://www.auchandirect.fr/rayon.productgridorlist.productlist.thumbnailproduct.addproducttoshoppinglist/111644?t:ac=promos">Ajouter à ma liste</a></div><div class="infos-produit-1"><div class="prix-old">7.99€</div><div class="prix-promo">5.99€</div></div><div class="infos-produit-2"><a title="Voir le produit" href="boissons/vins-et-champagnes/bordeaux-classique/id1/506/111644.html"><h3>BOURGOGNE CHARDONNAY</h3><h4>Bordeaux classique</h4><h4></h4><p>
75 cl
<br/>
7.99€/l
</p></a></div><div class="mini_picto_bas"></div></div></div></td><td><div class="bloc-produit promotion"><div class="bloc-produit-content   "><a title="Voir le produit" href="boissons/vins-et-champagnes/champagne-brut-cuv%25C3%25A9e-prestige/id1/506/111622.html"><img src="http://www.auchandirect.fr/static/images/products/line/111622.jpg" alt="" class="produit "/></a><div class="picto"><span class="invisible"></span></div><img src="http://www.auchandirect.fr/static/images/promo_small.png" class="ruban"/><div class="boutons-produit"><a id="addProductToBasket_75" onclick="javascript:Tapestry.waitForPage(event);" title="Ajouter au panier" class="bt-produit-ajout-panier" href="http://www.auchandirect.fr/rayon.productgridorlist.productlist.thumbnailproduct.addproducttobasket/111622?t:ac=promos"><span>Ajouter au panier</span></a><a id="addProductToShoppingList_75" onclick="javascript:Tapestry.waitForPage(event);" title="Ajouter à ma liste" class="bt-produit-ajout-liste" href="http://www.auchandirect.fr/rayon.productgridorlist.productlist.thumbnailproduct.addproducttoshoppinglist/111622?t:ac=promos">Ajouter à ma liste</a></div><div class="infos-produit-1"><div class="prix-old">31.90€</div><div class="prix-promo">19.99€</div></div><div class="infos-produit-2"><a title="Voir le produit" href="boissons/vins-et-champagnes/champagne-brut-cuv%25C3%25A9e-prestige/id1/506/111622.html"><h3>CAZANOVE</h3><h4>Champagne brut cuvée prestige</h4><h4></h4><p>
75 cl
<br/>
26.65€/l
</p></a></div><div class="mini_picto_bas"></div></div></div></td><td><div class="bloc-produit promotion"><div class="bloc-produit-content   "><a title="Voir le produit" href="boissons/ap%25C3%25A9ritifs,-digestifs/whisky-40%25C2%25B0---12-ans-d'%25C3%25A2ge/id1/475/100899.html"><img src="http://www.auchandirect.fr/static/images/products/line/100899.jpg" alt="" class="produit "/></a><div class="picto"><span class="invisible"></span></div><img src="http://www.auchandirect.fr/static/images/moins-10pourcent_small.png" class="ruban"/><div class="boutons-produit"><a id="addProductToBasket_76" onclick="javascript:Tapestry.waitForPage(event);" title="Ajouter au panier" class="bt-produit-ajout-panier" href="http://www.auchandirect.fr/rayon.productgridorlist.productlist.thumbnailproduct.addproducttobasket/100899?t:ac=promos"><span>Ajouter au panier</span></a><a id="addProductToShoppingList_76" onclick="javascript:Tapestry.waitForPage(event);" title="Ajouter à ma liste" class="bt-produit-ajout-liste" href="http://www.auchandirect.fr/rayon.productgridorlist.productlist.thumbnailproduct.addproducttoshoppinglist/100899?t:ac=promos">Ajouter à ma liste</a></div><div class="infos-produit-1"><div class="prix-old">13.95€</div><div class="prix-promo">12.55€</div></div><div class="infos-produit-2"><a title="Voir le produit" href="boissons/ap%25C3%25A9ritifs,-digestifs/whisky-40%25C2%25B0---12-ans-d'%25C3%25A2ge/id1/475/100899.html"><h3>CLAN CAMPBELL</h3><h4>Whisky 40° - 12 ans d'âge</h4><h4></h4><p>
70 cl
<br/>
17.93€/l
</p></a></div><div class="mini_picto_bas"></div></div></div></td></tr><tr><td><div class="bloc-produit promotion"><div class="bloc-produit-content   "><a title="Voir le produit" href="boissons/jus,-softs/lv_coca-cola-boisson-gazeuse-z%25C3%25A9ro/id1/476/LV0000002362.html"><img src="http://www.auchandirect.fr/static/images/products/line/LV0000002362.jpg" alt="" class="produit "/></a><div class="picto"><span class="invisible"></span></div><img src="http://www.auchandirect.fr/static/images/le-2eme-a-50pourcent_small.png" class="ruban"/><div class="boutons-produit"><a id="addProductToBasket_77" onclick="javascript:Tapestry.waitForPage(event);" title="Ajouter au panier" class="bt-produit-ajout-panier" href="http://www.auchandirect.fr/rayon.productgridorlist.productlist.thumbnailproduct.addproducttobasket/LV0000002362?t:ac=promos"><span>Ajouter au panier</span></a><a id="addProductToShoppingList_77" onclick="javascript:Tapestry.waitForPage(event);" title="Ajouter à ma liste" class="bt-produit-ajout-liste" href="http://www.auchandirect.fr/rayon.productgridorlist.productlist.thumbnailproduct.addproducttoshoppinglist/LV0000002362?t:ac=promos">Ajouter à ma liste</a></div><div class="infos-produit-1"><div class="prix-old">15.18€</div><div class="prix-promo">11.39€</div></div><div class="infos-produit-2"><a title="Voir le produit" href="boissons/jus,-softs/lv_coca-cola-boisson-gazeuse-z%25C3%25A9ro/id1/476/LV0000002362.html"><h3>COCA COLA</h3><h4></h4><h4>COCA COLA Boisson gazeuse Zéro</h4><p>

<br/>
0.71€/l
</p></a></div><div class="mini_picto_bas"></div></div></div></td><td><div class="bloc-produit promotion"><div class="bloc-produit-content   "><a title="Voir le produit" href="boissons/vins-et-champagnes/champagne-1er-cru/id1/506/111623.html"><img src="http://www.auchandirect.fr/static/images/products/line/111623.jpg" alt="" class="produit "/></a><div class="picto"><span class="invisible"></span></div><img src="http://www.auchandirect.fr/static/images/promo_small.png" class="ruban"/><div class="boutons-produit"><a id="addProductToBasket_78" onclick="javascript:Tapestry.waitForPage(event);" title="Ajouter au panier" class="bt-produit-ajout-panier" href="http://www.auchandirect.fr/rayon.productgridorlist.productlist.thumbnailproduct.addproducttobasket/111623?t:ac=promos"><span>Ajouter au panier</span></a><a id="addProductToShoppingList_78" onclick="javascript:Tapestry.waitForPage(event);" title="Ajouter à ma liste" class="bt-produit-ajout-liste" href="http://www.auchandirect.fr/rayon.productgridorlist.productlist.thumbnailproduct.addproducttoshoppinglist/111623?t:ac=promos">Ajouter à ma liste</a></div><div class="infos-produit-1"><div class="prix-old">33.90€</div><div class="prix-promo">19.99€</div></div><div class="infos-produit-2"><a title="Voir le produit" href="boissons/vins-et-champagnes/champagne-1er-cru/id1/506/111623.html"><h3>GH MARTEL</h3><h4>Champagne 1er cru</h4><h4></h4><p>
75 cl
<br/>
26.65€/l
</p></a></div><div class="mini_picto_bas"><!-- FIXME IDEM --><span class="com.atosworldline.ri.auchan.direct.front.tapestry.data.multimedia.Picture@2500678a pictoListing txtImg">XXXXX</span></div></div></div></td><td><div class="bloc-produit promotion"><div class="bloc-produit-content   "><a title="Voir le produit" href="boissons/vins-et-champagnes/ch%25C3%25A2teau-charmail-2009/id1/506/111627.html"><img src="http://www.auchandirect.fr/static/images/products/line/111627.jpg" alt="" class="produit "/></a><div class="picto"><span class="invisible"></span></div><img src="http://www.auchandirect.fr/static/images/promo_small.png" class="ruban"/><div class="boutons-produit"><a id="addProductToBasket_79" onclick="javascript:Tapestry.waitForPage(event);" title="Ajouter au panier" class="bt-produit-ajout-panier" href="http://www.auchandirect.fr/rayon.productgridorlist.productlist.thumbnailproduct.addproducttobasket/111627?t:ac=promos"><span>Ajouter au panier</span></a><a id="addProductToShoppingList_79" onclick="javascript:Tapestry.waitForPage(event);" title="Ajouter à ma liste" class="bt-produit-ajout-liste" href="http://www.auchandirect.fr/rayon.productgridorlist.productlist.thumbnailproduct.addproducttoshoppinglist/111627?t:ac=promos">Ajouter à ma liste</a></div><div class="infos-produit-1"><div class="prix-old">19.99€</div><div class="prix-promo">16.99€</div></div><div class="infos-produit-2"><a title="Voir le produit" href="boissons/vins-et-champagnes/ch%25C3%25A2teau-charmail-2009/id1/506/111627.html"><h3>HAUT MEDOC</h3><h4>Château Charmail 2009</h4><h4></h4><p>
75 cl
<br/>
22.65€/l
</p></a></div><div class="mini_picto_bas"><!-- FIXME IDEM --><span class="com.atosworldline.ri.auchan.direct.front.tapestry.data.multimedia.Picture@1f10b792 pictoListing txtImg">XXXXX</span></div></div></div></td></tr><tr><td><div class="bloc-produit promotion"><div class="bloc-produit-content   "><a title="Voir le produit" href="boissons/vins-et-champagnes/ch%25C3%25A2teau-citran/id1/506/111641.html"><img src="http://www.auchandirect.fr/static/images/products/line/111641.jpg" alt="" class="produit "/></a><div class="picto"><span class="invisible"></span></div><img src="http://www.auchandirect.fr/static/images/promo_small.png" class="ruban"/><div class="boutons-produit"><a id="addProductToBasket_80" onclick="javascript:Tapestry.waitForPage(event);" title="Ajouter au panier" class="bt-produit-ajout-panier" href="http://www.auchandirect.fr/rayon.productgridorlist.productlist.thumbnailproduct.addproducttobasket/111641?t:ac=promos"><span>Ajouter au panier</span></a><a id="addProductToShoppingList_80" onclick="javascript:Tapestry.waitForPage(event);" title="Ajouter à ma liste" class="bt-produit-ajout-liste" href="http://www.auchandirect.fr/rayon.productgridorlist.productlist.thumbnailproduct.addproducttoshoppinglist/111641?t:ac=promos">Ajouter à ma liste</a></div><div class="infos-produit-1"><div class="prix-old">16.99€</div><div class="prix-promo">12.99€</div></div><div class="infos-produit-2"><a title="Voir le produit" href="boissons/vins-et-champagnes/ch%25C3%25A2teau-citran/id1/506/111641.html"><h3>HAUT MEDOC</h3><h4>Château Citran</h4><h4></h4><p>
75 cl
<br/>
17.32€/pièce
</p></a></div><div class="mini_picto_bas"><!-- FIXME IDEM --><span class="com.atosworldline.ri.auchan.direct.front.tapestry.data.multimedia.Picture@2075f9a5 pictoListing txtImg">XXXXX</span></div></div></div></td><td><div class="bloc-produit promotion"><div class="bloc-produit-content   "><a title="Voir le produit" href="boissons/vins-et-champagnes/ch%25C3%25A2teau-layauga---duboscq/id1/506/111642.html"><img src="http://www.auchandirect.fr/static/images/products/line/111642.jpg" alt="" class="produit "/></a><div class="picto"><span class="invisible"></span></div><img src="http://www.auchandirect.fr/static/images/promo_small.png" class="ruban"/><div class="boutons-produit"><a id="addProductToBasket_81" onclick="javascript:Tapestry.waitForPage(event);" title="Ajouter au panier" class="bt-produit-ajout-panier" href="http://www.auchandirect.fr/rayon.productgridorlist.productlist.thumbnailproduct.addproducttobasket/111642?t:ac=promos"><span>Ajouter au panier</span></a><a id="addProductToShoppingList_81" onclick="javascript:Tapestry.waitForPage(event);" title="Ajouter à ma liste" class="bt-produit-ajout-liste" href="http://www.auchandirect.fr/rayon.productgridorlist.productlist.thumbnailproduct.addproducttoshoppinglist/111642?t:ac=promos">Ajouter à ma liste</a></div><div class="infos-produit-1"><div class="prix-old">19.99€</div><div class="prix-promo">15.99€</div></div><div class="infos-produit-2"><a title="Voir le produit" href="boissons/vins-et-champagnes/ch%25C3%25A2teau-layauga---duboscq/id1/506/111642.html"><h3>HAUT MEDOC</h3><h4>Château Layauga - Duboscq</h4><h4></h4><p>
75 cl
<br/>
21.32€/l
</p></a></div><div class="mini_picto_bas"><!-- FIXME IDEM --><span class="com.atosworldline.ri.auchan.direct.front.tapestry.data.multimedia.Picture@4dd279b9 pictoListing txtImg">XXXXX</span></div></div></div></td><td><div class="bloc-produit promotion"><div class="bloc-produit-content   "><a title="Voir le produit" href="boissons/vins-et-champagnes/lv_champagne-brut-1er-cru,-75-cl/id1/506/LV0000002439.html"><img src="http://www.auchandirect.fr/static/images/products/line/LV0000002439.jpg" alt="" class="produit "/></a><div class="picto"><span class="invisible"></span></div><img src="http://www.auchandirect.fr/static/images/1achete-1offert_small.png" class="ruban"/><div class="boutons-produit"><a id="addProductToBasket_82" onclick="javascript:Tapestry.waitForPage(event);" title="Ajouter au panier" class="bt-produit-ajout-panier" href="http://www.auchandirect.fr/rayon.productgridorlist.productlist.thumbnailproduct.addproducttobasket/LV0000002439?t:ac=promos"><span>Ajouter au panier</span></a><a id="addProductToShoppingList_82" onclick="javascript:Tapestry.waitForPage(event);" title="Ajouter à ma liste" class="bt-produit-ajout-liste" href="http://www.auchandirect.fr/rayon.productgridorlist.productlist.thumbnailproduct.addproducttoshoppinglist/LV0000002439?t:ac=promos">Ajouter à ma liste</a></div><div class="infos-produit-1"><div class="prix-old">65.90€</div><div class="prix-promo">32.95€</div></div><div class="infos-produit-2"><a title="Voir le produit" href="boissons/vins-et-champagnes/lv_champagne-brut-1er-cru,-75-cl/id1/506/LV0000002439.html"><h3>HEIDSIECK</h3><h4></h4><h4>Champagne brut 1er cru, 75 cl</h4><p>

<br/>
21.97€/l
</p></a></div><div class="mini_picto_bas"></div></div></div></td></tr><tr><td><div class="bloc-produit promotion"><div class="bloc-produit-content   "><a title="Voir le produit" href="boissons/vins-et-champagnes/bordeaux-classique/id1/506/111628.html"><img src="http://www.auchandirect.fr/static/images/products/line/111628.jpg" alt="" class="produit "/></a><div class="picto"><span class="invisible"></span></div><img src="http://www.auchandirect.fr/static/images/promo_small.png" class="ruban"/><div class="boutons-produit"><a id="addProductToBasket_83" onclick="javascript:Tapestry.waitForPage(event);" title="Ajouter au panier" class="bt-produit-ajout-panier" href="http://www.auchandirect.fr/rayon.productgridorlist.productlist.thumbnailproduct.addproducttobasket/111628?t:ac=promos"><span>Ajouter au panier</span></a><a id="addProductToShoppingList_83" onclick="javascript:Tapestry.waitForPage(event);" title="Ajouter à ma liste" class="bt-produit-ajout-liste" href="http://www.auchandirect.fr/rayon.productgridorlist.productlist.thumbnailproduct.addproducttoshoppinglist/111628?t:ac=promos">Ajouter à ma liste</a></div><div class="infos-produit-1"><div class="prix-old">16.99€</div><div class="prix-promo">12.99€</div></div><div class="infos-produit-2"><a title="Voir le produit" href="boissons/vins-et-champagnes/bordeaux-classique/id1/506/111628.html"><h3>LISTRAC</h3><h4>Bordeaux classique</h4><h4></h4><p>
75 cl
<br/>
17.32€/l
</p></a></div><div class="mini_picto_bas"></div></div></div></td><td><div class="bloc-produit promotion"><div class="bloc-produit-content   "><a title="Voir le produit" href="boissons/ap%25C3%25A9ritifs,-digestifs/perla-9-5%25C2%25B0/id1/475/58583.html"><img src="http://www.auchandirect.fr/static/images/products/line/58583.jpg" alt="" class="produit "/></a><div class="picto"><span class="invisible"></span></div><img src="http://www.auchandirect.fr/static/images/promo_small.png" class="ruban"/><div class="boutons-produit"><a id="addProductToBasket_84" onclick="javascript:Tapestry.waitForPage(event);" title="Ajouter au panier" class="bt-produit-ajout-panier" href="http://www.auchandirect.fr/rayon.productgridorlist.productlist.thumbnailproduct.addproducttobasket/58583?t:ac=promos"><span>Ajouter au panier</span></a><a id="addProductToShoppingList_84" onclick="javascript:Tapestry.waitForPage(event);" title="Ajouter à ma liste" class="bt-produit-ajout-liste" href="http://www.auchandirect.fr/rayon.productgridorlist.productlist.thumbnailproduct.addproducttoshoppinglist/58583?t:ac=promos">Ajouter à ma liste</a></div><div class="infos-produit-1"><div class="prix-old">10.24€</div><div class="prix-promo">8.24€</div></div><div class="infos-produit-2"><a title="Voir le produit" href="boissons/ap%25C3%25A9ritifs,-digestifs/perla-9-5%25C2%25B0/id1/475/58583.html"><h3>MARTINI</h3><h4>Perla 9.5°</h4><h4></h4><p>
75 cl
<br/>
10.99€/l
</p></a></div><div class="mini_picto_bas"></div></div></div></td><td><div class="bloc-produit promotion"><div class="bloc-produit-content   "><a title="Voir le produit" href="boissons/ap%25C3%25A9ritifs,-digestifs/ap%25C3%25A9ritif-%25C3%25A0-base-de-vin/id1/475/99427.html"><img src="http://www.auchandirect.fr/static/images/products/line/99427.jpg" alt="" class="produit "/></a><div class="picto"><span class="invisible"></span></div><img src="http://www.auchandirect.fr/static/images/promo_small.png" class="ruban"/><div class="boutons-produit"><a id="addProductToBasket_85" onclick="javascript:Tapestry.waitForPage(event);" title="Ajouter au panier" class="bt-produit-ajout-panier" href="http://www.auchandirect.fr/rayon.productgridorlist.productlist.thumbnailproduct.addproducttobasket/99427?t:ac=promos"><span>Ajouter au panier</span></a><a id="addProductToShoppingList_85" onclick="javascript:Tapestry.waitForPage(event);" title="Ajouter à ma liste" class="bt-produit-ajout-liste" href="http://www.auchandirect.fr/rayon.productgridorlist.productlist.thumbnailproduct.addproducttoshoppinglist/99427?t:ac=promos">Ajouter à ma liste</a></div><div class="infos-produit-1"><div class="prix-old">9.01€</div><div class="prix-promo">7.51€</div></div><div class="infos-produit-2"><a title="Voir le produit" href="boissons/ap%25C3%25A9ritifs,-digestifs/ap%25C3%25A9ritif-%25C3%25A0-base-de-vin/id1/475/99427.html"><h3>MARTINI</h3><h4>Apéritif à base de vin</h4><h4></h4><p>
75 cl
<br/>
100.13€/l
</p></a></div><div class="mini_picto_bas"></div></div></div></td></tr><tr><td><div class="bloc-produit promotion"><div class="bloc-produit-content   "><a title="Voir le produit" href="boissons/ap%25C3%25A9ritifs,-digestifs/ap%25C3%25A9ritif-%25C3%25A0-base-de-vin/id1/475/99428.html"><img src="http://www.auchandirect.fr/static/images/products/line/99428.jpg" alt="" class="produit "/></a><div class="picto"><span class="invisible"></span></div><img src="http://www.auchandirect.fr/static/images/promo_small.png" class="ruban"/><div class="boutons-produit"><a id="addProductToBasket_86" onclick="javascript:Tapestry.waitForPage(event);" title="Ajouter au panier" class="bt-produit-ajout-panier" href="http://www.auchandirect.fr/rayon.productgridorlist.productlist.thumbnailproduct.addproducttobasket/99428?t:ac=promos"><span>Ajouter au panier</span></a><a id="addProductToShoppingList_86" onclick="javascript:Tapestry.waitForPage(event);" title="Ajouter à ma liste" class="bt-produit-ajout-liste" href="http://www.auchandirect.fr/rayon.productgridorlist.productlist.thumbnailproduct.addproducttoshoppinglist/99428?t:ac=promos">Ajouter à ma liste</a></div><div class="infos-produit-1"><div class="prix-old">9.01€</div><div class="prix-promo">7.51€</div></div><div class="infos-produit-2"><a title="Voir le produit" href="boissons/ap%25C3%25A9ritifs,-digestifs/ap%25C3%25A9ritif-%25C3%25A0-base-de-vin/id1/475/99428.html"><h3>MARTINI</h3><h4>Apéritif à base de vin</h4><h4></h4><p>
75 cl
<br/>
100.13€/l
</p></a></div><div class="mini_picto_bas"></div></div></div></td><td><div class="bloc-produit promotion"><div class="bloc-produit-content   "><a title="Voir le produit" href="boissons/ap%25C3%25A9ritifs,-digestifs/ap%25C3%25A9ritif-%25C3%25A0-base-de-vin-14-4%25C2%25B0/id1/475/100823.html"><img src="http://www.auchandirect.fr/static/images/products/line/100823.jpg" alt="" class="produit "/></a><div class="picto"><span class="invisible"></span></div><img src="http://www.auchandirect.fr/static/images/promo_small.png" class="ruban"/><div class="boutons-produit"><a id="addProductToBasket_87" onclick="javascript:Tapestry.waitForPage(event);" title="Ajouter au panier" class="bt-produit-ajout-panier" href="http://www.auchandirect.fr/rayon.productgridorlist.productlist.thumbnailproduct.addproducttobasket/100823?t:ac=promos"><span>Ajouter au panier</span></a><a id="addProductToShoppingList_87" onclick="javascript:Tapestry.waitForPage(event);" title="Ajouter à ma liste" class="bt-produit-ajout-liste" href="http://www.auchandirect.fr/rayon.productgridorlist.productlist.thumbnailproduct.addproducttoshoppinglist/100823?t:ac=promos">Ajouter à ma liste</a></div><div class="infos-produit-1"><div class="prix-old">9.55€</div><div class="prix-promo">8.55€</div></div><div class="infos-produit-2"><a title="Voir le produit" href="boissons/ap%25C3%25A9ritifs,-digestifs/ap%25C3%25A9ritif-%25C3%25A0-base-de-vin-14-4%25C2%25B0/id1/475/100823.html"><h3>MARTINI</h3><h4>Apéritif à base de vin 14.4°</h4><h4>Rosato</h4><p>
1 l
<br/>
8.55€/l
</p></a></div><div class="mini_picto_bas"></div></div></div></td><td><div class="bloc-produit promotion"><div class="bloc-produit-content   "><a title="Voir le produit" href="boissons/vins-et-champagnes/champagne-brut-mill%25C3%25A9sim%25C3%25A9/id1/506/111624.html"><img src="http://www.auchandirect.fr/static/images/products/line/111624.jpg" alt="" class="produit "/></a><div class="picto"><span class="invisible"></span></div><img src="http://www.auchandirect.fr/static/images/promo_small.png" class="ruban"/><div class="boutons-produit"><a id="addProductToBasket_88" onclick="javascript:Tapestry.waitForPage(event);" title="Ajouter au panier" class="bt-produit-ajout-panier" href="http://www.auchandirect.fr/rayon.productgridorlist.productlist.thumbnailproduct.addproducttobasket/111624?t:ac=promos"><span>Ajouter au panier</span></a><a id="addProductToShoppingList_88" onclick="javascript:Tapestry.waitForPage(event);" title="Ajouter à ma liste" class="bt-produit-ajout-liste" href="http://www.auchandirect.fr/rayon.productgridorlist.productlist.thumbnailproduct.addproducttoshoppinglist/111624?t:ac=promos">Ajouter à ma liste</a></div><div class="infos-produit-1"><div class="prix-old">34.99€</div><div class="prix-promo">24.99€</div></div><div class="infos-produit-2"><a title="Voir le produit" href="boissons/vins-et-champagnes/champagne-brut-mill%25C3%25A9sim%25C3%25A9/id1/506/111624.html"><h3>MONTAUDON</h3><h4>Champagne brut millésimé</h4><h4></h4><p>
75 cl
<br/>
33.32€/l
</p></a></div><div class="mini_picto_bas"></div></div></div></td></tr><tr><td><div class="bloc-produit promotion"><div class="bloc-produit-content   "><a title="Voir le produit" href="boissons/vins-et-champagnes/vin-blanc/id1/506/111645.html"><img src="http://www.auchandirect.fr/static/images/products/line/111645.jpg" alt="" class="produit "/></a><div class="picto"><span class="invisible"></span></div><img src="http://www.auchandirect.fr/static/images/promo_small.png" class="ruban"/><div class="boutons-produit"><a id="addProductToBasket_89" onclick="javascript:Tapestry.waitForPage(event);" title="Ajouter au panier" class="bt-produit-ajout-panier" href="http://www.auchandirect.fr/rayon.productgridorlist.productlist.thumbnailproduct.addproducttobasket/111645?t:ac=promos"><span>Ajouter au panier</span></a><a id="addProductToShoppingList_89" onclick="javascript:Tapestry.waitForPage(event);" title="Ajouter à ma liste" class="bt-produit-ajout-liste" href="http://www.auchandirect.fr/rayon.productgridorlist.productlist.thumbnailproduct.addproducttoshoppinglist/111645?t:ac=promos">Ajouter à ma liste</a></div><div class="infos-produit-1"><div class="prix-old">19.99€</div><div class="prix-promo">14.99€</div></div><div class="infos-produit-2"><a title="Voir le produit" href="boissons/vins-et-champagnes/vin-blanc/id1/506/111645.html"><h3>RIESLING</h3><h4>Vin blanc</h4><h4></h4><p>
75 cl
<br/>
19.99€/l
</p></a></div><div class="mini_picto_bas"></div></div></div></td><td><div class="bloc-produit promotion"><div class="bloc-produit-content   "><a title="Voir le produit" href="boissons/vins-et-champagnes/vin-blanc-13-5%25C2%25B0/id1/506/103727.html"><img src="http://www.auchandirect.fr/static/images/products/line/103727.jpg" alt="" class="produit "/></a><div class="picto"><span class="invisible"></span></div><img src="http://www.auchandirect.fr/static/images/promo_small.png" class="ruban"/><div class="boutons-produit"><a id="addProductToBasket_90" onclick="javascript:Tapestry.waitForPage(event);" title="Ajouter au panier" class="bt-produit-ajout-panier" href="http://www.auchandirect.fr/rayon.productgridorlist.productlist.thumbnailproduct.addproducttobasket/103727?t:ac=promos"><span>Ajouter au panier</span></a><a id="addProductToShoppingList_90" onclick="javascript:Tapestry.waitForPage(event);" title="Ajouter à ma liste" class="bt-produit-ajout-liste" href="http://www.auchandirect.fr/rayon.productgridorlist.productlist.thumbnailproduct.addproducttoshoppinglist/103727?t:ac=promos">Ajouter à ma liste</a></div><div class="infos-produit-1"><div class="prix-old">16.99€</div><div class="prix-promo">12.99€</div></div><div class="infos-produit-2"><a title="Voir le produit" href="boissons/vins-et-champagnes/vin-blanc-13-5%25C2%25B0/id1/506/103727.html"><h3>SAINTE CROIX DU MONT</h3><h4>Vin blanc 13.5°</h4><h4>Château la Rame 2009</h4><p>
75 cl
<br/>
17.32€/l
</p></a></div><div class="mini_picto_bas"><!-- FIXME IDEM --><span class="com.atosworldline.ri.auchan.direct.front.tapestry.data.multimedia.Picture@7476e618 pictoListing txtImg">XXXXX</span></div></div></div></td><td><div class="bloc-produit promotion"><div class="bloc-produit-content   "><a title="Voir le produit" href="boissons/eaux/eau-min%25C3%25A9rale-naturelle-gazeuse/id1/478/4592.html"><img src="http://www.auchandirect.fr/static/images/products/line/4592.jpg" alt="" class="produit "/></a><div class="picto"><span class="invisible"></span></div><img src="http://www.auchandirect.fr/static/images/moins-30pourcent_small.png" class="ruban"/><div class="boutons-produit"><a id="addProductToBasket_91" onclick="javascript:Tapestry.waitForPage(event);" title="Ajouter au panier" class="bt-produit-ajout-panier" href="http://www.auchandirect.fr/rayon.productgridorlist.productlist.thumbnailproduct.addproducttobasket/4592?t:ac=promos"><span>Ajouter au panier</span></a><a id="addProductToShoppingList_91" onclick="javascript:Tapestry.waitForPage(event);" title="Ajouter à ma liste" class="bt-produit-ajout-liste" href="http://www.auchandirect.fr/rayon.productgridorlist.productlist.thumbnailproduct.addproducttoshoppinglist/4592?t:ac=promos">Ajouter à ma liste</a></div><div class="infos-produit-1"><div class="prix-old">4.92€</div><div class="prix-promo">3.44€</div></div><div class="infos-produit-2"><a title="Voir le produit" href="boissons/eaux/eau-min%25C3%25A9rale-naturelle-gazeuse/id1/478/4592.html"><h3>SAN PELLEGRINO</h3><h4>Eau minérale naturelle gazeuse</h4><h4></h4><p>
6 x 1 l
<br/>
0.57€/l
</p></a></div><div class="mini_picto_bas"></div></div></div></td></tr><tr><td><div class="bloc-produit promotion"><div class="bloc-produit-content   "><a title="Voir le produit" href="boissons/vins-et-champagnes/vin-ros%25C3%25A9/id1/506/111646.html"><img src="http://www.auchandirect.fr/static/images/products/line/111646.jpg" alt="" class="produit "/></a><div class="picto"><span class="invisible"></span></div><img src="http://www.auchandirect.fr/static/images/promo_small.png" class="ruban"/><div class="boutons-produit"><a id="addProductToBasket_92" onclick="javascript:Tapestry.waitForPage(event);" title="Ajouter au panier" class="bt-produit-ajout-panier" href="http://www.auchandirect.fr/rayon.productgridorlist.productlist.thumbnailproduct.addproducttobasket/111646?t:ac=promos"><span>Ajouter au panier</span></a><a id="addProductToShoppingList_92" onclick="javascript:Tapestry.waitForPage(event);" title="Ajouter à ma liste" class="bt-produit-ajout-liste" href="http://www.auchandirect.fr/rayon.productgridorlist.productlist.thumbnailproduct.addproducttoshoppinglist/111646?t:ac=promos">Ajouter à ma liste</a></div><div class="infos-produit-1"><div class="prix-old">9.99€</div><div class="prix-promo">7.99€</div></div><div class="infos-produit-2"><a title="Voir le produit" href="boissons/vins-et-champagnes/vin-ros%25C3%25A9/id1/506/111646.html"><h3>TAVEL</h3><h4>Vin rosé</h4><h4></h4><p>
75 cl
<br/>
10.65€/l
</p></a></div><div class="mini_picto_bas"></div></div></div></td><td><div class="bloc-produit promotion"><div class="bloc-produit-content   "><a title="Voir le produit" href="boissons/vins-et-champagnes/lv_blanc-foussy-brut-grande-cuv%25C3%25A9e,-75-cl/id1/506/LV0000002431.html"><img src="http://www.auchandirect.fr/static/images/products/line/LV0000002431.jpg" alt="" class="produit "/></a><div class="picto"><span class="invisible"></span></div><img src="http://www.auchandirect.fr/static/images/promo_small.png" class="ruban"/><div class="boutons-produit"><a id="addProductToBasket_93" onclick="javascript:Tapestry.waitForPage(event);" title="Ajouter au panier" class="bt-produit-ajout-panier" href="http://www.auchandirect.fr/rayon.productgridorlist.productlist.thumbnailproduct.addproducttobasket/LV0000002431?t:ac=promos"><span>Ajouter au panier</span></a><a id="addProductToShoppingList_93" onclick="javascript:Tapestry.waitForPage(event);" title="Ajouter à ma liste" class="bt-produit-ajout-liste" href="http://www.auchandirect.fr/rayon.productgridorlist.productlist.thumbnailproduct.addproducttoshoppinglist/LV0000002431?t:ac=promos">Ajouter à ma liste</a></div><div class="infos-produit-1"><div class="prix-old">47.94€</div><div class="prix-promo">23.97€</div></div><div class="infos-produit-2"><a title="Voir le produit" href="boissons/vins-et-champagnes/lv_blanc-foussy-brut-grande-cuv%25C3%25A9e,-75-cl/id1/506/LV0000002431.html"><h3>TOURAINE</h3><h4></h4><h4>Blanc Foussy brut grande cuvée, 75 cl

- 3 achetées = 3 offertes</h4><p>

<br/>
5.33€/l
</p></a></div><div class="mini_picto_bas"></div></div></div></td><td><div class="bloc-produit promotion"><div class="bloc-produit-content   "><a title="Voir le produit" href="http://www.auchandirect.fr/boissons/jus,-softs/pur-jus-d'orange-sans-pulpe/id1/476/28720"><img src="http://www.auchandirect.fr/static/images/products/line/28720.jpg" alt="" class="produit "/></a><div class="picto"><span class="invisible"></span></div><img src="http://www.auchandirect.fr/static/images/moins-25pourcent_small.png" class="ruban"/><div class="boutons-produit"><a id="addProductToBasket_94" onclick="javascript:Tapestry.waitForPage(event);" title="Ajouter au panier" class="bt-produit-ajout-panier" href="http://www.auchandirect.fr/rayon.productgridorlist.productlist.thumbnailproduct.addproducttobasket/28720?t:ac=promos"><span>Ajouter au panier</span></a><a id="addProductToShoppingList_94" onclick="javascript:Tapestry.waitForPage(event);" title="Ajouter à ma liste" class="bt-produit-ajout-liste" href="http://www.auchandirect.fr/rayon.productgridorlist.productlist.thumbnailproduct.addproducttoshoppinglist/28720?t:ac=promos">Ajouter à ma liste</a></div><div class="infos-produit-1"><div class="prix-old">5.95€</div><div class="prix-promo">4.46€</div></div><div class="infos-produit-2"><a title="Voir le produit" href="http://www.auchandirect.fr/boissons/jus,-softs/pur-jus-d'orange-sans-pulpe/id1/476/28720"><h3>TROPICANA</h3><h4>Pur jus d'orange sans pulpe</h4><h4>OFFRE SPECIALE</h4><p>
2 x 1,5 l
<br/>
1.49€/l
</p></a></div><div class="mini_picto_bas"></div></div></div></td></tr><tr><td><div class="bloc-produit promotion"><div class="bloc-produit-content   "><a title="Voir le produit" href="http://www.auchandirect.fr/boissons/vins-et-champagnes/lv_brut-saumur,-75-cl/id1/506/LV0000002437"><img src="http://www.auchandirect.fr/static/images/products/line/LV0000002437.jpg" alt="" class="produit "/></a><div class="picto"><span class="invisible"></span></div><img src="http://www.auchandirect.fr/static/images/2achetes-1offert_small.png" class="ruban"/><div class="boutons-produit"><a id="addProductToBasket_95" onclick="javascript:Tapestry.waitForPage(event);" title="Ajouter au panier" class="bt-produit-ajout-panier" href="http://www.auchandirect.fr/rayon.productgridorlist.productlist.thumbnailproduct.addproducttobasket/LV0000002437?t:ac=promos"><span>Ajouter au panier</span></a><a id="addProductToShoppingList_95" onclick="javascript:Tapestry.waitForPage(event);" title="Ajouter à ma liste" class="bt-produit-ajout-liste" href="http://www.auchandirect.fr/rayon.productgridorlist.productlist.thumbnailproduct.addproducttoshoppinglist/LV0000002437?t:ac=promos">Ajouter à ma liste</a></div><div class="infos-produit-1"><div class="prix-old">21.27€</div><div class="prix-promo">14.18€</div></div><div class="infos-produit-2"><a title="Voir le produit" href="http://www.auchandirect.fr/boissons/vins-et-champagnes/lv_brut-saumur,-75-cl/id1/506/LV0000002437"><h3>VEUVE AMIOT</h3><h4></h4><h4>Brut Saumur, 75 cl</h4><p>

<br/>
6.30€/l
</p></a></div><div class="mini_picto_bas"></div></div></div></td><td></td><td></td></tr></table><div class="pro-ecolo"><h1>Bébé</h1></div><table><tr><td><div class="bloc-produit promotion"><div class="bloc-produit-content   "><a title="Voir le produit" href="b%25C3%25A9b%25C3%25A9/alimentation-b%25C3%25A9b%25C3%25A9/lv_bledina-bl%25C3%25A9dichef-blanquette-volaille,-260-g/id1/488/LV0000002426.html"><img src="http://www.auchandirect.fr/static/images/products/line/LV0000002426.jpg" alt="" class="produit "/></a><div class="picto"><span class="invisible"></span></div><img src="http://www.auchandirect.fr/static/images/2achetes-1offert_small.png" class="ruban"/><div class="boutons-produit"><a id="addProductToBasket_96" onclick="javascript:Tapestry.waitForPage(event);" title="Ajouter au panier" class="bt-produit-ajout-panier" href="http://www.auchandirect.fr/rayon.productgridorlist.productlist.thumbnailproduct.addproducttobasket/LV0000002426?t:ac=promos"><span>Ajouter au panier</span></a><a id="addProductToShoppingList_96" onclick="javascript:Tapestry.waitForPage(event);" title="Ajouter à ma liste" class="bt-produit-ajout-liste" href="http://www.auchandirect.fr/rayon.productgridorlist.productlist.thumbnailproduct.addproducttoshoppinglist/LV0000002426?t:ac=promos">Ajouter à ma liste</a></div><div class="infos-produit-1"><div class="prix-old">6.13€</div><div class="prix-promo">4.08€</div></div><div class="infos-produit-2"><a title="Voir le produit" href="b%25C3%25A9b%25C3%25A9/alimentation-b%25C3%25A9b%25C3%25A9/lv_bledina-bl%25C3%25A9dichef-blanquette-volaille,-260-g/id1/488/LV0000002426.html"><h3>BLEDINA</h3><h4></h4><h4>Blédichef blanquette volaille+ émincé de pommes de terre et jambon+fondue de légumes-colin</h4><p>

</p></a></div><div class="mini_picto_bas"></div></div></div></td><td><div class="bloc-produit promotion"><div class="bloc-produit-content   "><a title="Voir le produit" href="b%25C3%25A9b%25C3%25A9/alimentation-b%25C3%25A9b%25C3%25A9/lv_bledina-bl%25C3%25A9dichef-pot-au-feu,-260-g/id1/488/LV0000002429.html"><img src="http://www.auchandirect.fr/static/images/products/line/LV0000002429.jpg" alt="" class="produit "/></a><div class="picto"><span class="invisible"></span></div><img src="http://www.auchandirect.fr/static/images/2achetes-1offert_small.png" class="ruban"/><div class="boutons-produit"><a id="addProductToBasket_97" onclick="javascript:Tapestry.waitForPage(event);" title="Ajouter au panier" class="bt-produit-ajout-panier" href="http://www.auchandirect.fr/rayon.productgridorlist.productlist.thumbnailproduct.addproducttobasket/LV0000002429?t:ac=promos"><span>Ajouter au panier</span></a><a id="addProductToShoppingList_97" onclick="javascript:Tapestry.waitForPage(event);" title="Ajouter à ma liste" class="bt-produit-ajout-liste" href="http://www.auchandirect.fr/rayon.productgridorlist.productlist.thumbnailproduct.addproducttoshoppinglist/LV0000002429?t:ac=promos">Ajouter à ma liste</a></div><div class="infos-produit-1"><div class="prix-old">6.19€</div><div class="prix-promo">4.14€</div></div><div class="infos-produit-2"><a title="Voir le produit" href="b%25C3%25A9b%25C3%25A9/alimentation-b%25C3%25A9b%25C3%25A9/lv_bledina-bl%25C3%25A9dichef-pot-au-feu,-260-g/id1/488/LV0000002429.html"><h3>BLEDINA</h3><h4></h4><h4>Blédichef pot au feu+ emincé de pommes de terre et jambon+fondue de légumes-colin</h4><p>

</p></a></div><div class="mini_picto_bas"></div></div></div></td><td><div class="bloc-produit promotion"><div class="bloc-produit-content   "><a title="Voir le produit" href="b%25C3%25A9b%25C3%25A9/alimentation-b%25C3%25A9b%25C3%25A9/lv_bledina-bl%25C3%25A9dichef-cassolette-l%25C3%25A9gumes/id1/488/LV0000002425.html"><img src="http://www.auchandirect.fr/static/images/products/line/LV0000002425.jpg" alt="" class="produit "/></a><div class="picto"><span class="invisible"></span></div><img src="http://www.auchandirect.fr/static/images/2achetes-1offert_small.png" class="ruban"/><div class="boutons-produit"><a id="addProductToBasket_98" onclick="javascript:Tapestry.waitForPage(event);" title="Ajouter au panier" class="bt-produit-ajout-panier" href="http://www.auchandirect.fr/rayon.productgridorlist.productlist.thumbnailproduct.addproducttobasket/LV0000002425?t:ac=promos"><span>Ajouter au panier</span></a><a id="addProductToShoppingList_98" onclick="javascript:Tapestry.waitForPage(event);" title="Ajouter à ma liste" class="bt-produit-ajout-liste" href="http://www.auchandirect.fr/rayon.productgridorlist.productlist.thumbnailproduct.addproducttoshoppinglist/LV0000002425?t:ac=promos">Ajouter à ma liste</a></div><div class="infos-produit-1"><div class="prix-old">5.74€</div><div class="prix-promo">3.78€</div></div><div class="infos-produit-2"><a title="Voir le produit" href="b%25C3%25A9b%25C3%25A9/alimentation-b%25C3%25A9b%25C3%25A9/lv_bledina-bl%25C3%25A9dichef-cassolette-l%25C3%25A9gumes/id1/488/LV0000002425.html"><h3>BLEDINA</h3><h4></h4><h4>Blédichef Cassolette légumes et duo de poissons+ spaghettis bolognaise+mijoté de bœuf carotte</h4><p>

</p></a></div><div class="mini_picto_bas"></div></div></div></td></tr><tr><td><div class="bloc-produit promotion"><div class="bloc-produit-content   "><a title="Voir le produit" href="b%25C3%25A9b%25C3%25A9/alimentation-b%25C3%25A9b%25C3%25A9/lv_bledina-bl%25C3%25A9dichef-saumon---%25C3%25A9pinard,-230-g/id1/488/LV0000002424.html"><img src="http://www.auchandirect.fr/static/images/products/line/LV0000002424.jpg" alt="" class="produit "/></a><div class="picto"><span class="invisible"></span></div><img src="http://www.auchandirect.fr/static/images/2achetes-1offert_small.png" class="ruban"/><div class="boutons-produit"><a id="addProductToBasket_99" onclick="javascript:Tapestry.waitForPage(event);" title="Ajouter au panier" class="bt-produit-ajout-panier" href="http://www.auchandirect.fr/rayon.productgridorlist.productlist.thumbnailproduct.addproducttobasket/LV0000002424?t:ac=promos"><span>Ajouter au panier</span></a><a id="addProductToShoppingList_99" onclick="javascript:Tapestry.waitForPage(event);" title="Ajouter à ma liste" class="bt-produit-ajout-liste" href="http://www.auchandirect.fr/rayon.productgridorlist.productlist.thumbnailproduct.addproducttoshoppinglist/LV0000002424?t:ac=promos">Ajouter à ma liste</a></div><div class="infos-produit-1"><div class="prix-old">5.58€</div><div class="prix-promo">3.62€</div></div><div class="infos-produit-2"><a title="Voir le produit" href="b%25C3%25A9b%25C3%25A9/alimentation-b%25C3%25A9b%25C3%25A9/lv_bledina-bl%25C3%25A9dichef-saumon---%25C3%25A9pinard,-230-g/id1/488/LV0000002424.html"><h3>BLEDINA</h3><h4></h4><h4>Blédichef Saumon - épinard+ spaghettis bolognaise+ mijoté de boeuf carotte</h4><p>

</p></a></div><div class="mini_picto_bas"></div></div></div></td><td><div class="bloc-produit promotion"><div class="bloc-produit-content   "><a title="Voir le produit" href="b%25C3%25A9b%25C3%25A9/alimentation-b%25C3%25A9b%25C3%25A9/lv_bledina-bl%25C3%25A9dichef-carottes-p%25C3%25A2tes,-260-g/id1/488/LV0000002430.html"><img src="http://www.auchandirect.fr/static/images/products/line/LV0000002430.jpg" alt="" class="produit "/></a><div class="picto"><span class="invisible"></span></div><img src="http://www.auchandirect.fr/static/images/2achetes-1offert_small.png" class="ruban"/><div class="boutons-produit"><a id="addProductToBasket_100" onclick="javascript:Tapestry.waitForPage(event);" title="Ajouter au panier" class="bt-produit-ajout-panier" href="http://www.auchandirect.fr/rayon.productgridorlist.productlist.thumbnailproduct.addproducttobasket/LV0000002430?t:ac=promos"><span>Ajouter au panier</span></a><a id="addProductToShoppingList_100" onclick="javascript:Tapestry.waitForPage(event);" title="Ajouter à ma liste" class="bt-produit-ajout-liste" href="http://www.auchandirect.fr/rayon.productgridorlist.productlist.thumbnailproduct.addproducttoshoppinglist/LV0000002430?t:ac=promos">Ajouter à ma liste</a></div><div class="infos-produit-1"><div class="prix-old">6.23€</div><div class="prix-promo">4.18€</div></div><div class="infos-produit-2"><a title="Voir le produit" href="b%25C3%25A9b%25C3%25A9/alimentation-b%25C3%25A9b%25C3%25A9/lv_bledina-bl%25C3%25A9dichef-carottes-p%25C3%25A2tes,-260-g/id1/488/LV0000002430.html"><h3>BLEDINA</h3><h4></h4><h4>Blédichef carottes-pâtes+émincé de pommes de terre et jambon+fondue de légumes-colin</h4><p>

</p></a></div><div class="mini_picto_bas"></div></div></div></td><td><div class="bloc-produit promotion"><div class="bloc-produit-content   "><a title="Voir le produit" href="b%25C3%25A9b%25C3%25A9/alimentation-b%25C3%25A9b%25C3%25A9/pots-l%25C3%25A9gumes-viandes-multivari%25C3%25A9t%25C3%25A9s-(d%25C3%25A8s-6-mois)/id1/488/60715.html"><img src="http://www.auchandirect.fr/static/images/products/line/60715.jpg" alt="" class="produit "/></a><div class="picto"><span class="invisible"></span></div><img src="http://www.auchandirect.fr/static/images/promo_small.png" class="ruban"/><div class="boutons-produit"><a id="addProductToBasket_101" onclick="javascript:Tapestry.waitForPage(event);" title="Ajouter au panier" class="bt-produit-ajout-panier" href="http://www.auchandirect.fr/rayon.productgridorlist.productlist.thumbnailproduct.addproducttobasket/60715?t:ac=promos"><span>Ajouter au panier</span></a><a id="addProductToShoppingList_101" onclick="javascript:Tapestry.waitForPage(event);" title="Ajouter à ma liste" class="bt-produit-ajout-liste" href="http://www.auchandirect.fr/rayon.productgridorlist.productlist.thumbnailproduct.addproducttoshoppinglist/60715?t:ac=promos">Ajouter à ma liste</a></div><div class="infos-produit-1"><div class="prix-actuel"><span>4.06€</span></div></div><div class="infos-produit-2"><a title="Voir le produit" href="b%25C3%25A9b%25C3%25A9/alimentation-b%25C3%25A9b%25C3%25A9/pots-l%25C3%25A9gumes-viandes-multivari%25C3%25A9t%25C3%25A9s-(d%25C3%25A8s-6-mois)/id1/488/60715.html"><h3>BLEDINA</h3><h4>Pots légumes viandes multivariétés (dès 6 mois)</h4><h4>Multivariétés</h4><p>
4 x 200 g
<br/>
5.08€/kg
</p></a></div><div class="mini_picto_bas"><!-- FIXME IDEM --><span class="com.atosworldline.ri.auchan.direct.front.tapestry.data.multimedia.Picture@69865eb0 pictoListing txtImg">XXXXX</span></div></div></div></td></tr><tr><td><div class="bloc-produit promotion"><div class="bloc-produit-content   "><a title="Voir le produit" href="b%25C3%25A9b%25C3%25A9/alimentation-b%25C3%25A9b%25C3%25A9/bledichef-repas-sal%25C3%25A9s-(d%25C3%25A8s-18-mois-)/id1/488/92658.html"><img src="http://www.auchandirect.fr/static/images/products/line/92658.jpg" alt="" class="produit "/></a><div class="picto"><span class="invisible"></span></div><img src="http://www.auchandirect.fr/static/images/promo_small.png" class="ruban"/><div class="boutons-produit"><a id="addProductToBasket_102" onclick="javascript:Tapestry.waitForPage(event);" title="Ajouter au panier" class="bt-produit-ajout-panier" href="http://www.auchandirect.fr/rayon.productgridorlist.productlist.thumbnailproduct.addproducttobasket/92658?t:ac=promos"><span>Ajouter au panier</span></a><a id="addProductToShoppingList_102" onclick="javascript:Tapestry.waitForPage(event);" title="Ajouter à ma liste" class="bt-produit-ajout-liste" href="http://www.auchandirect.fr/rayon.productgridorlist.productlist.thumbnailproduct.addproducttoshoppinglist/92658?t:ac=promos">Ajouter à ma liste</a></div><div class="infos-produit-1"><div class="prix-actuel"><span>7.95€</span></div></div><div class="infos-produit-2"><a title="Voir le produit" href="b%25C3%25A9b%25C3%25A9/alimentation-b%25C3%25A9b%25C3%25A9/bledichef-repas-sal%25C3%25A9s-(d%25C3%25A8s-18-mois-)/id1/488/92658.html"><h3>BLEDINA</h3><h4>Bledichef repas salés (dès 18 mois )</h4><h4>Bledichef</h4><p>
4 x 260 g
<br/>
795.00€/kg
</p></a></div><div class="mini_picto_bas"></div></div></div></td><td><div class="bloc-produit promotion"><div class="bloc-produit-content   "><a title="Voir le produit" href="b%25C3%25A9b%25C3%25A9/laits-b%25C3%25A9b%25C3%25A9/lait-pour-nourissons-(d%25C3%25A8s-12-mois)/id1/487/49901.html"><img src="http://www.auchandirect.fr/static/images/products/line/49901.jpg" alt="" class="produit "/></a><div class="picto"><span class="invisible"></span></div><img src="http://www.auchandirect.fr/static/images/moins-25pourcent_small.png" class="ruban"/><div class="boutons-produit"><a id="addProductToBasket_103" onclick="javascript:Tapestry.waitForPage(event);" title="Ajouter au panier" class="bt-produit-ajout-panier" href="http://www.auchandirect.fr/rayon.productgridorlist.productlist.thumbnailproduct.addproducttobasket/49901?t:ac=promos"><span>Ajouter au panier</span></a><a id="addProductToShoppingList_103" onclick="javascript:Tapestry.waitForPage(event);" title="Ajouter à ma liste" class="bt-produit-ajout-liste" href="http://www.auchandirect.fr/rayon.productgridorlist.productlist.thumbnailproduct.addproducttoshoppinglist/49901?t:ac=promos">Ajouter à ma liste</a></div><div class="infos-produit-1"><div class="prix-old">13.40€</div><div class="prix-promo">10.05€</div></div><div class="infos-produit-2"><a title="Voir le produit" href="b%25C3%25A9b%25C3%25A9/laits-b%25C3%25A9b%25C3%25A9/lait-pour-nourissons-(d%25C3%25A8s-12-mois)/id1/487/49901.html"><h3>GALLIA</h3><h4>Lait pour nourissons (dès 12 mois)</h4><h4>Croissance</h4><p>
900 g
<br/>
11.17€/kg
</p></a></div><div class="mini_picto_bas"><!-- FIXME IDEM --><span class="com.atosworldline.ri.auchan.direct.front.tapestry.data.multimedia.Picture@3a10b6cf pictoListing txtImg">XXXXX</span></div></div></div></td><td><div class="bloc-produit promotion"><div class="bloc-produit-content   "><a title="Voir le produit" href="b%25C3%25A9b%25C3%25A9/alimentation-b%25C3%25A9b%25C3%25A9/petits-pots-petits-pois-(d%25C3%25A8s-4/6mois)/id1/488/61592.html"><img src="http://www.auchandirect.fr/static/images/products/line/61592.jpg" alt="" class="produit "/></a><div class="picto"><span class="invisible"></span></div><img src="http://www.auchandirect.fr/static/images/moins-25pourcent_small.png" class="ruban"/><div class="boutons-produit"><a id="addProductToBasket_104" onclick="javascript:Tapestry.waitForPage(event);" title="Ajouter au panier" class="bt-produit-ajout-panier" href="http://www.auchandirect.fr/rayon.productgridorlist.productlist.thumbnailproduct.addproducttobasket/61592?t:ac=promos"><span>Ajouter au panier</span></a><a id="addProductToShoppingList_104" onclick="javascript:Tapestry.waitForPage(event);" title="Ajouter à ma liste" class="bt-produit-ajout-liste" href="http://www.auchandirect.fr/rayon.productgridorlist.productlist.thumbnailproduct.addproducttoshoppinglist/61592?t:ac=promos">Ajouter à ma liste</a></div><div class="infos-produit-1"><div class="prix-old">0.99€</div><div class="prix-promo">0.74€</div></div><div class="infos-produit-2"><a title="Voir le produit" href="b%25C3%25A9b%25C3%25A9/alimentation-b%25C3%25A9b%25C3%25A9/petits-pots-petits-pois-(d%25C3%25A8s-4/6mois)/id1/488/61592.html"><h3>NESTLE</h3><h4>Petits pots petits pois (dès 4/6mois)</h4><h4>P'tit pot</h4><p>
2 x 80 g
<br/>
4.63€/kg
</p></a></div><div class="mini_picto_bas"></div></div></div></td></tr><tr><td><div class="bloc-produit promotion"><div class="bloc-produit-content   "><a title="Voir le produit" href="b%25C3%25A9b%25C3%25A9/alimentation-b%25C3%25A9b%25C3%25A9/petits-pots-carotte-(d%25C3%25A8s-4/6mois)/id1/488/61208.html"><img src="http://www.auchandirect.fr/static/images/products/line/61208.jpg" alt="" class="produit "/></a><div class="picto"><span class="invisible"></span></div><img src="http://www.auchandirect.fr/static/images/moins-25pourcent_small.png" class="ruban"/><div class="boutons-produit"><a id="addProductToBasket_105" onclick="javascript:Tapestry.waitForPage(event);" title="Ajouter au panier" class="bt-produit-ajout-panier" href="http://www.auchandirect.fr/rayon.productgridorlist.productlist.thumbnailproduct.addproducttobasket/61208?t:ac=promos"><span>Ajouter au panier</span></a><a id="addProductToShoppingList_105" onclick="javascript:Tapestry.waitForPage(event);" title="Ajouter à ma liste" class="bt-produit-ajout-liste" href="http://www.auchandirect.fr/rayon.productgridorlist.productlist.thumbnailproduct.addproducttoshoppinglist/61208?t:ac=promos">Ajouter à ma liste</a></div><div class="infos-produit-1"><div class="prix-old">0.99€</div><div class="prix-promo">0.74€</div></div><div class="infos-produit-2"><a title="Voir le produit" href="b%25C3%25A9b%25C3%25A9/alimentation-b%25C3%25A9b%25C3%25A9/petits-pots-carotte-(d%25C3%25A8s-4/6mois)/id1/488/61208.html"><h3>NESTLE</h3><h4>Petits pots carotte (dès 4/6mois)</h4><h4>P'tit Pot</h4><p>
2 x 80 g
<br/>
4.63€/kg
</p></a></div><div class="mini_picto_bas"><!-- FIXME IDEM --><span class="com.atosworldline.ri.auchan.direct.front.tapestry.data.multimedia.Picture@6cd6e4e0 pictoListing txtImg">XXXXX</span></div></div></div></td><td><div class="bloc-produit promotion"><div class="bloc-produit-content   "><a title="Voir le produit" href="b%25C3%25A9b%25C3%25A9/alimentation-b%25C3%25A9b%25C3%25A9/petit-pot-banane-(d%25C3%25A8s-4/6mois)/id1/488/61209.html"><img src="http://www.auchandirect.fr/static/images/products/line/61209.jpg" alt="" class="produit "/></a><div class="picto"><span class="invisible"></span></div><img src="http://www.auchandirect.fr/static/images/moins-25pourcent_small.png" class="ruban"/><div class="boutons-produit"><a id="addProductToBasket_106" onclick="javascript:Tapestry.waitForPage(event);" title="Ajouter au panier" class="bt-produit-ajout-panier" href="http://www.auchandirect.fr/rayon.productgridorlist.productlist.thumbnailproduct.addproducttobasket/61209?t:ac=promos"><span>Ajouter au panier</span></a><a id="addProductToShoppingList_106" onclick="javascript:Tapestry.waitForPage(event);" title="Ajouter à ma liste" class="bt-produit-ajout-liste" href="http://www.auchandirect.fr/rayon.productgridorlist.productlist.thumbnailproduct.addproducttoshoppinglist/61209?t:ac=promos">Ajouter à ma liste</a></div><div class="infos-produit-1"><div class="prix-old">0.99€</div><div class="prix-promo">0.74€</div></div><div class="infos-produit-2"><a title="Voir le produit" href="b%25C3%25A9b%25C3%25A9/alimentation-b%25C3%25A9b%25C3%25A9/petit-pot-banane-(d%25C3%25A8s-4/6mois)/id1/488/61209.html"><h3>NESTLE</h3><h4>Petit pot banane  (dès 4/6mois)</h4><h4>P'tit Pot</h4><p>
2 x 80 g
<br/>
4.63€/kg
</p></a></div><div class="mini_picto_bas"></div></div></div></td><td><div class="bloc-produit promotion"><div class="bloc-produit-content   "><a title="Voir le produit" href="b%25C3%25A9b%25C3%25A9/alimentation-b%25C3%25A9b%25C3%25A9/petit-pot-pommes-(d%25C3%25A8s-4/6mois)/id1/488/61210.html"><img src="http://www.auchandirect.fr/static/images/products/line/61210.jpg" alt="" class="produit "/></a><div class="picto"><span class="invisible"></span></div><img src="http://www.auchandirect.fr/static/images/moins-25pourcent_small.png" class="ruban"/><div class="boutons-produit"><a id="addProductToBasket_107" onclick="javascript:Tapestry.waitForPage(event);" title="Ajouter au panier" class="bt-produit-ajout-panier" href="http://www.auchandirect.fr/rayon.productgridorlist.productlist.thumbnailproduct.addproducttobasket/61210?t:ac=promos"><span>Ajouter au panier</span></a><a id="addProductToShoppingList_107" onclick="javascript:Tapestry.waitForPage(event);" title="Ajouter à ma liste" class="bt-produit-ajout-liste" href="http://www.auchandirect.fr/rayon.productgridorlist.productlist.thumbnailproduct.addproducttoshoppinglist/61210?t:ac=promos">Ajouter à ma liste</a></div><div class="infos-produit-1"><div class="prix-old">0.99€</div><div class="prix-promo">0.74€</div></div><div class="infos-produit-2"><a title="Voir le produit" href="b%25C3%25A9b%25C3%25A9/alimentation-b%25C3%25A9b%25C3%25A9/petit-pot-pommes-(d%25C3%25A8s-4/6mois)/id1/488/61210.html"><h3>NESTLE</h3><h4>Petit pot pommes (dès 4/6mois)</h4><h4>P'tit Pot</h4><p>
2 x 80 g
<br/>
4.63€/kg
</p></a></div><div class="mini_picto_bas"></div></div></div></td></tr><tr><td><div class="bloc-produit promotion"><div class="bloc-produit-content   "><a title="Voir le produit" href="b%25C3%25A9b%25C3%25A9/couches,-culottes/lv_pampers-baby-dry-taille-4/id1/490/LV0000002368.html"><img src="http://www.auchandirect.fr/static/images/products/line/LV0000002368.jpg" alt="" class="produit "/></a><div class="picto"><span class="invisible"></span></div><img src="http://www.auchandirect.fr/static/images/le-2eme-a-50pourcent_small.png" class="ruban"/><div class="boutons-produit"><a id="addProductToBasket_108" onclick="javascript:Tapestry.waitForPage(event);" title="Ajouter au panier" class="bt-produit-ajout-panier" href="http://www.auchandirect.fr/rayon.productgridorlist.productlist.thumbnailproduct.addproducttobasket/LV0000002368?t:ac=promos"><span>Ajouter au panier</span></a><a id="addProductToShoppingList_108" onclick="javascript:Tapestry.waitForPage(event);" title="Ajouter à ma liste" class="bt-produit-ajout-liste" href="http://www.auchandirect.fr/rayon.productgridorlist.productlist.thumbnailproduct.addproducttoshoppinglist/LV0000002368?t:ac=promos">Ajouter à ma liste</a></div><div class="infos-produit-1"><div class="prix-old">23.40€</div><div class="prix-promo">17.55€</div></div><div class="infos-produit-2"><a title="Voir le produit" href="b%25C3%25A9b%25C3%25A9/couches,-culottes/lv_pampers-baby-dry-taille-4/id1/490/LV0000002368.html"><h3>PAMPERS</h3><h4></h4><h4>PAMPERS Baby dry taille 4</h4><p>

<br/>
0.34€/pièce
</p></a></div><div class="mini_picto_bas"></div></div></div></td><td><div class="bloc-produit promotion"><div class="bloc-produit-content   "><a title="Voir le produit" href="b%25C3%25A9b%25C3%25A9/couches,-culottes/lv_pampers-couches-active-fit-taille-4/id1/490/LV0000002372.html"><img src="http://www.auchandirect.fr/static/images/products/line/LV0000002372.jpg" alt="" class="produit "/></a><div class="picto"><span class="invisible"></span></div><img src="http://www.auchandirect.fr/static/images/le-2eme-a-50pourcent_small.png" class="ruban"/><div class="boutons-produit"><a id="addProductToBasket_109" onclick="javascript:Tapestry.waitForPage(event);" title="Ajouter au panier" class="bt-produit-ajout-panier" href="http://www.auchandirect.fr/rayon.productgridorlist.productlist.thumbnailproduct.addproducttobasket/LV0000002372?t:ac=promos"><span>Ajouter au panier</span></a><a id="addProductToShoppingList_109" onclick="javascript:Tapestry.waitForPage(event);" title="Ajouter à ma liste" class="bt-produit-ajout-liste" href="http://www.auchandirect.fr/rayon.productgridorlist.productlist.thumbnailproduct.addproducttoshoppinglist/LV0000002372?t:ac=promos">Ajouter à ma liste</a></div><div class="infos-produit-1"><div class="prix-old">24.50€</div><div class="prix-promo">18.38€</div></div><div class="infos-produit-2"><a title="Voir le produit" href="b%25C3%25A9b%25C3%25A9/couches,-culottes/lv_pampers-couches-active-fit-taille-4/id1/490/LV0000002372.html"><h3>PAMPERS</h3><h4></h4><h4>PAMPERS Couches active fit taille 4</h4><p>

<br/>
0.38€/pièce
</p></a></div><div class="mini_picto_bas"></div></div></div></td><td><div class="bloc-produit promotion"><div class="bloc-produit-content   "><a title="Voir le produit" href="b%25C3%25A9b%25C3%25A9/couches,-culottes/lv_pampers-easy-up-couches-taille-4-(8-22kg)/id1/490/LV0000002374.html"><img src="http://www.auchandirect.fr/static/images/products/line/LV0000002374.jpg" alt="" class="produit "/></a><div class="picto"><span class="invisible"></span></div><img src="http://www.auchandirect.fr/static/images/le-2eme-a-50pourcent_small.png" class="ruban"/><div class="boutons-produit"><a id="addProductToBasket_110" onclick="javascript:Tapestry.waitForPage(event);" title="Ajouter au panier" class="bt-produit-ajout-panier" href="http://www.auchandirect.fr/rayon.productgridorlist.productlist.thumbnailproduct.addproducttobasket/LV0000002374?t:ac=promos"><span>Ajouter au panier</span></a><a id="addProductToShoppingList_110" onclick="javascript:Tapestry.waitForPage(event);" title="Ajouter à ma liste" class="bt-produit-ajout-liste" href="http://www.auchandirect.fr/rayon.productgridorlist.productlist.thumbnailproduct.addproducttoshoppinglist/LV0000002374?t:ac=promos">Ajouter à ma liste</a></div><div class="infos-produit-1"><div class="prix-old">23.40€</div><div class="prix-promo">17.55€</div></div><div class="infos-produit-2"><a title="Voir le produit" href="b%25C3%25A9b%25C3%25A9/couches,-culottes/lv_pampers-easy-up-couches-taille-4-(8-22kg)/id1/490/LV0000002374.html"><h3>PAMPERS</h3><h4></h4><h4>PAMPERS Easy Up couches taille 4 (8-22kg)</h4><p>

<br/>
0.40€/pièce
</p></a></div><div class="mini_picto_bas"></div></div></div></td></tr><tr><td><div class="bloc-produit promotion"><div class="bloc-produit-content   "><a title="Voir le produit" href="http://www.auchandirect.fr/bébé/couches,-culottes/lv_pampers-baby-dry-taille-5/id1/490/LV0000002369"><img src="http://www.auchandirect.fr/static/images/products/line/LV0000002369.jpg" alt="" class="produit "/></a><div class="picto"><span class="invisible"></span></div><img src="http://www.auchandirect.fr/static/images/le-2eme-a-50pourcent_small.png" class="ruban"/><div class="boutons-produit"><a id="addProductToBasket_111" onclick="javascript:Tapestry.waitForPage(event);" title="Ajouter au panier" class="bt-produit-ajout-panier" href="http://www.auchandirect.fr/rayon.productgridorlist.productlist.thumbnailproduct.addproducttobasket/LV0000002369?t:ac=promos"><span>Ajouter au panier</span></a><a id="addProductToShoppingList_111" onclick="javascript:Tapestry.waitForPage(event);" title="Ajouter à ma liste" class="bt-produit-ajout-liste" href="http://www.auchandirect.fr/rayon.productgridorlist.productlist.thumbnailproduct.addproducttoshoppinglist/LV0000002369?t:ac=promos">Ajouter à ma liste</a></div><div class="infos-produit-1"><div class="prix-old">23.40€</div><div class="prix-promo">17.55€</div></div><div class="infos-produit-2"><a title="Voir le produit" href="http://www.auchandirect.fr/bébé/couches,-culottes/lv_pampers-baby-dry-taille-5/id1/490/LV0000002369"><h3>PAMPERS </h3><h4></h4><h4>PAMPERS Baby dry taille 5</h4><p>

<br/>
0.38€/pièce
</p></a></div><div class="mini_picto_bas"></div></div></div></td><td><div class="bloc-produit promotion"><div class="bloc-produit-content   "><a title="Voir le produit" href="http://www.auchandirect.fr/bébé/couches,-culottes/lv_pampers-active-fit-couches-taille3-(4/9-kg)/id1/490/LV0000002370"><img src="http://www.auchandirect.fr/static/images/products/line/LV0000002370.jpg" alt="" class="produit "/></a><div class="picto"><span class="invisible"></span></div><img src="http://www.auchandirect.fr/static/images/le-2eme-a-50pourcent_small.png" class="ruban"/><div class="boutons-produit"><a id="addProductToBasket_112" onclick="javascript:Tapestry.waitForPage(event);" title="Ajouter au panier" class="bt-produit-ajout-panier" href="http://www.auchandirect.fr/rayon.productgridorlist.productlist.thumbnailproduct.addproducttobasket/LV0000002370?t:ac=promos"><span>Ajouter au panier</span></a><a id="addProductToShoppingList_112" onclick="javascript:Tapestry.waitForPage(event);" title="Ajouter à ma liste" class="bt-produit-ajout-liste" href="http://www.auchandirect.fr/rayon.productgridorlist.productlist.thumbnailproduct.addproducttoshoppinglist/LV0000002370?t:ac=promos">Ajouter à ma liste</a></div><div class="infos-produit-1"><div class="prix-old">24.50€</div><div class="prix-promo">18.38€</div></div><div class="infos-produit-2"><a title="Voir le produit" href="http://www.auchandirect.fr/bébé/couches,-culottes/lv_pampers-active-fit-couches-taille3-(4/9-kg)/id1/490/LV0000002370"><h3>PAMPERS </h3><h4></h4><h4>Couches Active Fit taille3 (4/9 kg)</h4><p>

<br/>
0.33€/pièce
</p></a></div><div class="mini_picto_bas"></div></div></div></td><td></td></tr></table><div class="pro-ecolo"><h1>Bio Ecolo</h1></div><table><tr><td><div class="bloc-produit promotion"><div class="bloc-produit-content   "><a title="Voir le produit" href="bio-ecolo/produits-frais-et-surgel%25C3%25A9s-bio/biftecks-hach%25C3%25A9s-pur-boeuf/id1/456/37100.html"><img src="http://www.auchandirect.fr/static/images/products/line/37100.jpg" alt="" class="produit "/></a><div class="picto"><span class="invisible"></span></div><img src="http://www.auchandirect.fr/static/images/moins-10pourcent_small.png" class="ruban"/><div class="boutons-produit"><a id="addProductToBasket_113" onclick="javascript:Tapestry.waitForPage(event);" title="Ajouter au panier" class="bt-produit-ajout-panier" href="http://www.auchandirect.fr/rayon.productgridorlist.productlist.thumbnailproduct.addproducttobasket/37100?t:ac=promos"><span>Ajouter au panier</span></a><a id="addProductToShoppingList_113" onclick="javascript:Tapestry.waitForPage(event);" title="Ajouter à ma liste" class="bt-produit-ajout-liste" href="http://www.auchandirect.fr/rayon.productgridorlist.productlist.thumbnailproduct.addproducttoshoppinglist/37100?t:ac=promos">Ajouter à ma liste</a></div><div class="infos-produit-1"><div class="prix-old">3.69€</div><div class="prix-promo">3.32€</div></div><div class="infos-produit-2"><a title="Voir le produit" href="bio-ecolo/produits-frais-et-surgel%25C3%25A9s-bio/biftecks-hach%25C3%25A9s-pur-boeuf/id1/456/37100.html"><h3>CHARAL</h3><h4>Biftecks hachés pur boeuf</h4><h4>15% MG BIO</h4><p>
2 x 100 g
<br/>
16.60€/kg
</p></a></div><div class="mini_picto_bas"><!-- FIXME IDEM --><span class="com.atosworldline.ri.auchan.direct.front.tapestry.data.multimedia.Picture@3ad2308d pictoListing txtImg">XXXXX</span><!-- FIXME IDEM --><span class="com.atosworldline.ri.auchan.direct.front.tapestry.data.multimedia.Picture@3d719726 pictoListing txtImg">XXXXX</span><!-- FIXME IDEM --><span class="com.atosworldline.ri.auchan.direct.front.tapestry.data.multimedia.Picture@6c7a5f4d pictoListing txtImg">XXXXX</span></div></div></div></td><td><div class="bloc-produit promotion"><div class="bloc-produit-content   "><a title="Voir le produit" href="bio-ecolo/boissons-bio/lait-bio-demi-%25C3%25A9cr%25C3%25A9m%25C3%25A9/id1/455/61726.html"><img src="http://www.auchandirect.fr/static/images/products/line/61726.jpg" alt="" class="produit "/></a><div class="picto"><span class="invisible"></span></div><img src="http://www.auchandirect.fr/static/images/promo_small.png" class="ruban"/><div class="boutons-produit"><a id="addProductToBasket_114" onclick="javascript:Tapestry.waitForPage(event);" title="Ajouter au panier" class="bt-produit-ajout-panier" href="http://www.auchandirect.fr/rayon.productgridorlist.productlist.thumbnailproduct.addproducttobasket/61726?t:ac=promos"><span>Ajouter au panier</span></a><a id="addProductToShoppingList_114" onclick="javascript:Tapestry.waitForPage(event);" title="Ajouter à ma liste" class="bt-produit-ajout-liste" href="http://www.auchandirect.fr/rayon.productgridorlist.productlist.thumbnailproduct.addproducttoshoppinglist/61726?t:ac=promos">Ajouter à ma liste</a></div><div class="infos-produit-1"><div class="prix-actuel"><span>9.25€</span></div></div><div class="infos-produit-2"><a title="Voir le produit" href="bio-ecolo/boissons-bio/lait-bio-demi-%25C3%25A9cr%25C3%25A9m%25C3%25A9/id1/455/61726.html"><h3>LACTEL</h3><h4>Lait bio demi écrémé</h4><h4></h4><p>
8 x 1 l
<br/>
1.16€/l
</p></a></div><div class="mini_picto_bas"><!-- FIXME IDEM --><span class="com.atosworldline.ri.auchan.direct.front.tapestry.data.multimedia.Picture@616e03f1 pictoListing txtImg">XXXXX</span></div></div></div></td><td></td></tr></table><div class="pro-ecolo"><h1>Hygiène Beauté</h1></div><table><tr><td><div class="bloc-produit promotion"><div class="bloc-produit-content   "><a title="Voir le produit" href="hygi%25C3%25A8ne-beaut%25C3%25A9/visage/lingettes-soft-&amp;-cream-avec-lotion-x-50/id1/493/36327.html"><img src="http://www.auchandirect.fr/static/images/products/line/36327.jpg" alt="" class="produit "/></a><div class="picto"><span class="invisible"></span></div><img src="http://www.auchandirect.fr/static/images/promo_small.png" class="ruban"/><div class="boutons-produit"><a id="addProductToBasket_115" onclick="javascript:Tapestry.waitForPage(event);" title="Ajouter au panier" class="bt-produit-ajout-panier" href="http://www.auchandirect.fr/rayon.productgridorlist.productlist.thumbnailproduct.addproducttobasket/36327?t:ac=promos"><span>Ajouter au panier</span></a><a id="addProductToShoppingList_115" onclick="javascript:Tapestry.waitForPage(event);" title="Ajouter à ma liste" class="bt-produit-ajout-liste" href="http://www.auchandirect.fr/rayon.productgridorlist.productlist.thumbnailproduct.addproducttoshoppinglist/36327?t:ac=promos">Ajouter à ma liste</a></div><div class="infos-produit-1"><div class="prix-actuel"><span>5.40€</span></div></div><div class="infos-produit-2"><a title="Voir le produit" href="hygi%25C3%25A8ne-beaut%25C3%25A9/visage/lingettes-soft-&amp;-cream-avec-lotion-x-50/id1/493/36327.html"><h3>NIVEA</h3><h4>Lingettes Soft &amp; Cream avec lotion x 50</h4><h4>+ 1 GRATUIT</h4><p>
3 pièces
<br/>
1.80€/pièce
</p></a></div><div class="mini_picto_bas"></div></div></div></td><td></td><td></td></tr></table><div class="pro-ecolo"><h1>Entretien</h1></div><table><tr><td><div class="bloc-produit promotion"><div class="bloc-produit-content   "><a title="Voir le produit" href="entretien/produits-m%25C3%25A9nagers/gel-liquide/id1/497/100270.html"><img src="http://www.auchandirect.fr/static/images/products/line/100270.jpg" alt="" class="produit "/></a><div class="picto"><span class="invisible"></span></div><img src="http://www.auchandirect.fr/static/images/moins-30pourcent_small.png" class="ruban"/><div class="boutons-produit"><a id="addProductToBasket_116" onclick="javascript:Tapestry.waitForPage(event);" title="Ajouter au panier" class="bt-produit-ajout-panier" href="http://www.auchandirect.fr/rayon.productgridorlist.productlist.thumbnailproduct.addproducttobasket/100270?t:ac=promos"><span>Ajouter au panier</span></a><a id="addProductToShoppingList_116" onclick="javascript:Tapestry.waitForPage(event);" title="Ajouter à ma liste" class="bt-produit-ajout-liste" href="http://www.auchandirect.fr/rayon.productgridorlist.productlist.thumbnailproduct.addproducttoshoppinglist/100270?t:ac=promos">Ajouter à ma liste</a></div><div class="infos-produit-1"><div class="prix-old">1.96€</div><div class="prix-promo">1.37€</div></div><div class="infos-produit-2"><a title="Voir le produit" href="entretien/produits-m%25C3%25A9nagers/gel-liquide/id1/497/100270.html"><h3>ANTIKAL</h3><h4>Gel liquide</h4><h4>Anti-calcaire</h4><p>
500 ml
<br/>
2.74€/l
</p></a></div><div class="mini_picto_bas"></div></div></div></td><td><div class="bloc-produit promotion"><div class="bloc-produit-content   "><a title="Voir le produit" href="entretien/produits-m%25C3%25A9nagers/lingettes-d%25C3%25A9sinfectantes/id1/497/111333.html"><img src="http://www.auchandirect.fr/static/images/products/line/111333.jpg" alt="" class="produit "/></a><div class="picto"><span class="invisible"></span></div><img src="http://www.auchandirect.fr/static/images/moins-25pourcent_small.png" class="ruban"/><div class="boutons-produit"><a id="addProductToBasket_117" onclick="javascript:Tapestry.waitForPage(event);" title="Ajouter au panier" class="bt-produit-ajout-panier" href="http://www.auchandirect.fr/rayon.productgridorlist.productlist.thumbnailproduct.addproducttobasket/111333?t:ac=promos"><span>Ajouter au panier</span></a><a id="addProductToShoppingList_117" onclick="javascript:Tapestry.waitForPage(event);" title="Ajouter à ma liste" class="bt-produit-ajout-liste" href="http://www.auchandirect.fr/rayon.productgridorlist.productlist.thumbnailproduct.addproducttoshoppinglist/111333?t:ac=promos">Ajouter à ma liste</a></div><div class="infos-produit-1"><div class="prix-old">1.96€</div><div class="prix-promo">1.47€</div></div><div class="infos-produit-2"><a title="Voir le produit" href="entretien/produits-m%25C3%25A9nagers/lingettes-d%25C3%25A9sinfectantes/id1/497/111333.html"><h3>HARPIC</h3><h4>Lingettes désinfectantes</h4><h4></h4><p>
x 30
<br/>
0.05€/pièce
</p></a></div><div class="mini_picto_bas"></div></div></div></td><td><div class="bloc-produit promotion"><div class="bloc-produit-content   "><a title="Voir le produit" href="entretien/papiers/papier-toilettes-aquatube/id1/499/75203.html"><img src="http://www.auchandirect.fr/static/images/products/line/75203.jpg" alt="" class="produit "/></a><div class="picto"><span class="invisible"></span></div><img src="http://www.auchandirect.fr/static/images/moins-25pourcent_small.png" class="ruban"/><div class="boutons-produit"><a id="addProductToBasket_118" onclick="javascript:Tapestry.waitForPage(event);" title="Ajouter au panier" class="bt-produit-ajout-panier" href="http://www.auchandirect.fr/rayon.productgridorlist.productlist.thumbnailproduct.addproducttobasket/75203?t:ac=promos"><span>Ajouter au panier</span></a><a id="addProductToShoppingList_118" onclick="javascript:Tapestry.waitForPage(event);" title="Ajouter à ma liste" class="bt-produit-ajout-liste" href="http://www.auchandirect.fr/rayon.productgridorlist.productlist.thumbnailproduct.addproducttoshoppinglist/75203?t:ac=promos">Ajouter à ma liste</a></div><div class="infos-produit-1"><div class="prix-old">2.96€</div><div class="prix-promo">2.22€</div></div><div class="infos-produit-2"><a title="Voir le produit" href="entretien/papiers/papier-toilettes-aquatube/id1/499/75203.html"><h3>LOTUS</h3><h4>Papier toilettes aquatube</h4><h4></h4><p>
x 6
<br/>
37.00€/pièce
</p></a></div><div class="mini_picto_bas"></div></div></div></td></tr><tr><td></td><td></td><td></td></tr></table><div class="pro-ecolo"><h1>Animaux Maison</h1></div><table><tr><td><div class="bloc-produit promotion"><div class="bloc-produit-content   "><a title="Voir le produit" href="animaux-maison/animaux/liti%25C3%25A8re-pour-chat/id1/501/70419.html"><img src="http://www.auchandirect.fr/static/images/products/line/70419.jpg" alt="" class="produit "/></a><div class="picto"><span class="invisible"></span></div><img src="http://www.auchandirect.fr/static/images/promo_small.png" class="ruban"/><div class="boutons-produit"><a id="addProductToBasket_119" onclick="javascript:Tapestry.waitForPage(event);" title="Ajouter au panier" class="bt-produit-ajout-panier" href="http://www.auchandirect.fr/rayon.productgridorlist.productlist.thumbnailproduct.addproducttobasket/70419?t:ac=promos"><span>Ajouter au panier</span></a><a id="addProductToShoppingList_119" onclick="javascript:Tapestry.waitForPage(event);" title="Ajouter à ma liste" class="bt-produit-ajout-liste" href="http://www.auchandirect.fr/rayon.productgridorlist.productlist.thumbnailproduct.addproducttoshoppinglist/70419?t:ac=promos">Ajouter à ma liste</a></div><div class="infos-produit-1"><div class="prix-actuel"><span>4.93€</span></div></div><div class="infos-produit-2"><a title="Voir le produit" href="animaux-maison/animaux/liti%25C3%25A8re-pour-chat/id1/501/70419.html"><h3>CATSAN</h3><h4>Litière pour chat</h4><h4>+ 1 l offert</h4><p>
9 l + 1 l offert
<br/>
0.49€/l
</p></a></div><div class="mini_picto_bas"></div></div></div></td><td><div class="bloc-produit promotion"><div class="bloc-produit-content   "><a title="Voir le produit" href="animaux-maison/animaux/mijot%25C3%25A9-pour-chien-aux-petits-l%25C3%25A9gumes/id1/501/42282.html"><img src="http://www.auchandirect.fr/static/images/products/line/42282.jpg" alt="" class="produit "/></a><div class="picto"><span class="invisible"></span></div><img src="http://www.auchandirect.fr/static/images/moins-30pourcent_small.png" class="ruban"/><div class="boutons-produit"><a id="addProductToBasket_120" onclick="javascript:Tapestry.waitForPage(event);" title="Ajouter au panier" class="bt-produit-ajout-panier" href="http://www.auchandirect.fr/rayon.productgridorlist.productlist.thumbnailproduct.addproducttobasket/42282?t:ac=promos"><span>Ajouter au panier</span></a><a id="addProductToShoppingList_120" onclick="javascript:Tapestry.waitForPage(event);" title="Ajouter à ma liste" class="bt-produit-ajout-liste" href="http://www.auchandirect.fr/rayon.productgridorlist.productlist.thumbnailproduct.addproducttoshoppinglist/42282?t:ac=promos">Ajouter à ma liste</a></div><div class="infos-produit-1"><div class="prix-old">4.91€</div><div class="prix-promo">3.43€</div></div><div class="infos-produit-2"><a title="Voir le produit" href="animaux-maison/animaux/mijot%25C3%25A9-pour-chien-aux-petits-l%25C3%25A9gumes/id1/501/42282.html"><h3>PEDIGREE</h3><h4>Mijoté pour Chien aux Petits Légumes</h4><h4></h4><p>
4 x 400 g
<br/>
2.14€/kg
</p></a></div><div class="mini_picto_bas"></div></div></div></td><td><div class="bloc-produit promotion"><div class="bloc-produit-content   "><a title="Voir le produit" href="animaux-maison/textile/collant-elastivoile-resistant-15d-noir-taille-3/id1/502/18790.html"><img src="http://www.auchandirect.fr/static/images/products/line/18790.jpg" alt="" class="produit "/></a><div class="picto"><span class="invisible"></span></div><img src="http://www.auchandirect.fr/static/images/moins-50pourcent_small.png" class="ruban"/><div class="boutons-produit"><a id="addProductToBasket_121" onclick="javascript:Tapestry.waitForPage(event);" title="Ajouter au panier" class="bt-produit-ajout-panier" href="http://www.auchandirect.fr/rayon.productgridorlist.productlist.thumbnailproduct.addproducttobasket/18790?t:ac=promos"><span>Ajouter au panier</span></a><a id="addProductToShoppingList_121" onclick="javascript:Tapestry.waitForPage(event);" title="Ajouter à ma liste" class="bt-produit-ajout-liste" href="http://www.auchandirect.fr/rayon.productgridorlist.productlist.thumbnailproduct.addproducttoshoppinglist/18790?t:ac=promos">Ajouter à ma liste</a></div><div class="infos-produit-1"><div class="prix-old">4.27€</div><div class="prix-promo">2.13€</div></div><div class="infos-produit-2"><a title="Voir le produit" href="animaux-maison/textile/collant-elastivoile-resistant-15d-noir-taille-3/id1/502/18790.html"><h3>WELL</h3><h4>Collant Elastivoile resistant 15D noir taille 3</h4><h4>Noir 15D T3</h4><p>
1 pièce
<br/>
2.13€/pièce
</p></a></div><div class="mini_picto_bas"></div></div></div></td></tr><tr><td><div class="bloc-produit promotion"><div class="bloc-produit-content   "><a title="Voir le produit" href="animaux-maison/textile/collant-elastivoile-resistant-15d-ibiza-taille-3/id1/502/18793.html"><img src="http://www.auchandirect.fr/static/images/products/line/18793.jpg" alt="" class="produit "/></a><div class="picto"><span class="invisible"></span></div><img src="http://www.auchandirect.fr/static/images/moins-50pourcent_small.png" class="ruban"/><div class="boutons-produit"><a id="addProductToBasket_122" onclick="javascript:Tapestry.waitForPage(event);" title="Ajouter au panier" class="bt-produit-ajout-panier" href="http://www.auchandirect.fr/rayon.productgridorlist.productlist.thumbnailproduct.addproducttobasket/18793?t:ac=promos"><span>Ajouter au panier</span></a><a id="addProductToShoppingList_122" onclick="javascript:Tapestry.waitForPage(event);" title="Ajouter à ma liste" class="bt-produit-ajout-liste" href="http://www.auchandirect.fr/rayon.productgridorlist.productlist.thumbnailproduct.addproducttoshoppinglist/18793?t:ac=promos">Ajouter à ma liste</a></div><div class="infos-produit-1"><div class="prix-old">4.27€</div><div class="prix-promo">2.13€</div></div><div class="infos-produit-2"><a title="Voir le produit" href="animaux-maison/textile/collant-elastivoile-resistant-15d-ibiza-taille-3/id1/502/18793.html"><h3>WELL</h3><h4>Collant Elastivoile resistant 15D ibiza taille 3</h4><h4>Ibiza 15D T3</h4><p>
1 pièce
<br/>
2.13€/pièce
</p></a></div><div class="mini_picto_bas"></div></div></div></td><td><div class="bloc-produit promotion"><div class="bloc-produit-content   "><a title="Voir le produit" href="animaux-maison/textile/collant-elastivoile-resistant-15d-ibiza-taille-2/id1/502/18792.html"><img src="http://www.auchandirect.fr/static/images/products/line/18792.jpg" alt="" class="produit "/></a><div class="picto"><span class="invisible"></span></div><img src="http://www.auchandirect.fr/static/images/moins-50pourcent_small.png" class="ruban"/><div class="boutons-produit"><a id="addProductToBasket_123" onclick="javascript:Tapestry.waitForPage(event);" title="Ajouter au panier" class="bt-produit-ajout-panier" href="http://www.auchandirect.fr/rayon.productgridorlist.productlist.thumbnailproduct.addproducttobasket/18792?t:ac=promos"><span>Ajouter au panier</span></a><a id="addProductToShoppingList_123" onclick="javascript:Tapestry.waitForPage(event);" title="Ajouter à ma liste" class="bt-produit-ajout-liste" href="http://www.auchandirect.fr/rayon.productgridorlist.productlist.thumbnailproduct.addproducttoshoppinglist/18792?t:ac=promos">Ajouter à ma liste</a></div><div class="infos-produit-1"><div class="prix-old">4.27€</div><div class="prix-promo">2.13€</div></div><div class="infos-produit-2"><a title="Voir le produit" href="animaux-maison/textile/collant-elastivoile-resistant-15d-ibiza-taille-2/id1/502/18792.html"><h3>WELL</h3><h4>Collant Elastivoile resistant 15D ibiza taille 2</h4><h4>Ibiza 15D T2</h4><p>
1 pièce
<br/>
2.13€/pièce
</p></a></div><div class="mini_picto_bas"></div></div></div></td><td><div class="bloc-produit promotion"><div class="bloc-produit-content   "><a title="Voir le produit" href="animaux-maison/textile/collant-elastivoile-opaque-noir-60d-t4/id1/502/57767.html"><img src="http://www.auchandirect.fr/static/images/products/line/57767.jpg" alt="" class="produit "/></a><div class="picto"><span class="invisible"></span></div><img src="http://www.auchandirect.fr/static/images/moins-50pourcent_small.png" class="ruban"/><div class="boutons-produit"><a id="addProductToBasket_124" onclick="javascript:Tapestry.waitForPage(event);" title="Ajouter au panier" class="bt-produit-ajout-panier" href="http://www.auchandirect.fr/rayon.productgridorlist.productlist.thumbnailproduct.addproducttobasket/57767?t:ac=promos"><span>Ajouter au panier</span></a><a id="addProductToShoppingList_124" onclick="javascript:Tapestry.waitForPage(event);" title="Ajouter à ma liste" class="bt-produit-ajout-liste" href="http://www.auchandirect.fr/rayon.productgridorlist.productlist.thumbnailproduct.addproducttoshoppinglist/57767?t:ac=promos">Ajouter à ma liste</a></div><div class="infos-produit-1"><div class="prix-old">5.24€</div><div class="prix-promo">2.62€</div></div><div class="infos-produit-2"><a title="Voir le produit" href="animaux-maison/textile/collant-elastivoile-opaque-noir-60d-t4/id1/502/57767.html"><h3>WELL</h3><h4>Collant Elastivoile opaque noir 60D T4</h4><h4>Noir 60D T4</h4><p>
1 pièce
<br/>
2.62€/pièce
</p></a></div><div class="mini_picto_bas"></div></div></div></td></tr><tr><td><div class="bloc-produit promotion"><div class="bloc-produit-content   "><a title="Voir le produit" href="animaux-maison/textile/collant-elastivoile-resistant-15d-gazelle-t4/id1/502/57761.html"><img src="http://www.auchandirect.fr/static/images/products/line/57761.jpg" alt="" class="produit "/></a><div class="picto"><span class="invisible"></span></div><img src="http://www.auchandirect.fr/static/images/moins-50pourcent_small.png" class="ruban"/><div class="boutons-produit"><a id="addProductToBasket_125" onclick="javascript:Tapestry.waitForPage(event);" title="Ajouter au panier" class="bt-produit-ajout-panier" href="http://www.auchandirect.fr/rayon.productgridorlist.productlist.thumbnailproduct.addproducttobasket/57761?t:ac=promos"><span>Ajouter au panier</span></a><a id="addProductToShoppingList_125" onclick="javascript:Tapestry.waitForPage(event);" title="Ajouter à ma liste" class="bt-produit-ajout-liste" href="http://www.auchandirect.fr/rayon.productgridorlist.productlist.thumbnailproduct.addproducttoshoppinglist/57761?t:ac=promos">Ajouter à ma liste</a></div><div class="infos-produit-1"><div class="prix-old">4.27€</div><div class="prix-promo">2.13€</div></div><div class="infos-produit-2"><a title="Voir le produit" href="animaux-maison/textile/collant-elastivoile-resistant-15d-gazelle-t4/id1/502/57761.html"><h3>WELL</h3><h4>Collant Elastivoile resistant  15D gazelle T4</h4><h4>Gazelle 15D T4</h4><p>
1 pièce
<br/>
2.13€/pièce
</p></a></div><div class="mini_picto_bas"></div></div></div></td><td><div class="bloc-produit promotion"><div class="bloc-produit-content   "><a title="Voir le produit" href="animaux-maison/textile/collant-elastivoile-satin%25C3%25A9-ibiza-19d-t3/id1/502/57770.html"><img src="http://www.auchandirect.fr/static/images/products/line/57770.jpg" alt="" class="produit "/></a><div class="picto"><span class="invisible"></span></div><img src="http://www.auchandirect.fr/static/images/moins-50pourcent_small.png" class="ruban"/><div class="boutons-produit"><a id="addProductToBasket_126" onclick="javascript:Tapestry.waitForPage(event);" title="Ajouter au panier" class="bt-produit-ajout-panier" href="http://www.auchandirect.fr/rayon.productgridorlist.productlist.thumbnailproduct.addproducttobasket/57770?t:ac=promos"><span>Ajouter au panier</span></a><a id="addProductToShoppingList_126" onclick="javascript:Tapestry.waitForPage(event);" title="Ajouter à ma liste" class="bt-produit-ajout-liste" href="http://www.auchandirect.fr/rayon.productgridorlist.productlist.thumbnailproduct.addproducttoshoppinglist/57770?t:ac=promos">Ajouter à ma liste</a></div><div class="infos-produit-1"><div class="prix-old">4.74€</div><div class="prix-promo">2.37€</div></div><div class="infos-produit-2"><a title="Voir le produit" href="animaux-maison/textile/collant-elastivoile-satin%25C3%25A9-ibiza-19d-t3/id1/502/57770.html"><h3>WELL</h3><h4>Collant Elastivoile satiné ibiza 19D T3</h4><h4>Satine Ibiza 19D T3</h4><p>
1 pièce
<br/>
2.37€/pièce
</p></a></div><div class="mini_picto_bas"></div></div></div></td><td><div class="bloc-produit promotion"><div class="bloc-produit-content   "><a title="Voir le produit" href="animaux-maison/textile/collant-elastivoile-satin%25C3%25A9-ibiza-19d-t4/id1/502/57771.html"><img src="http://www.auchandirect.fr/static/images/products/line/57771.jpg" alt="" class="produit "/></a><div class="picto"><span class="invisible"></span></div><img src="http://www.auchandirect.fr/static/images/moins-50pourcent_small.png" class="ruban"/><div class="boutons-produit"><a id="addProductToBasket_127" onclick="javascript:Tapestry.waitForPage(event);" title="Ajouter au panier" class="bt-produit-ajout-panier" href="http://www.auchandirect.fr/rayon.productgridorlist.productlist.thumbnailproduct.addproducttobasket/57771?t:ac=promos"><span>Ajouter au panier</span></a><a id="addProductToShoppingList_127" onclick="javascript:Tapestry.waitForPage(event);" title="Ajouter à ma liste" class="bt-produit-ajout-liste" href="http://www.auchandirect.fr/rayon.productgridorlist.productlist.thumbnailproduct.addproducttoshoppinglist/57771?t:ac=promos">Ajouter à ma liste</a></div><div class="infos-produit-1"><div class="prix-old">4.74€</div><div class="prix-promo">2.37€</div></div><div class="infos-produit-2"><a title="Voir le produit" href="animaux-maison/textile/collant-elastivoile-satin%25C3%25A9-ibiza-19d-t4/id1/502/57771.html"><h3>WELL</h3><h4>Collant Elastivoile satiné ibiza 19D T4</h4><h4>Satine Ibiza 19D T4</h4><p>
1 pièce
<br/>
2.37€/pièce
</p></a></div><div class="mini_picto_bas"></div></div></div></td></tr><tr><td><div class="bloc-produit promotion"><div class="bloc-produit-content   "><a title="Voir le produit" href="animaux-maison/textile/mi-bas-15d-daim-taille-unique-(2-paires)/id1/502/57744.html"><img src="http://www.auchandirect.fr/static/images/products/line/57744.jpg" alt="" class="produit "/></a><div class="picto"><span class="invisible"></span></div><img src="http://www.auchandirect.fr/static/images/promo_small.png" class="ruban"/><div class="boutons-produit"><a id="addProductToBasket_128" onclick="javascript:Tapestry.waitForPage(event);" title="Ajouter au panier" class="bt-produit-ajout-panier" href="http://www.auchandirect.fr/rayon.productgridorlist.productlist.thumbnailproduct.addproducttobasket/57744?t:ac=promos"><span>Ajouter au panier</span></a><a id="addProductToShoppingList_128" onclick="javascript:Tapestry.waitForPage(event);" title="Ajouter à ma liste" class="bt-produit-ajout-liste" href="http://www.auchandirect.fr/rayon.productgridorlist.productlist.thumbnailproduct.addproducttoshoppinglist/57744?t:ac=promos">Ajouter à ma liste</a></div><div class="infos-produit-1"><div class="prix-old">3.34€</div><div class="prix-promo">1.67€</div></div><div class="infos-produit-2"><a title="Voir le produit" href="animaux-maison/textile/mi-bas-15d-daim-taille-unique-(2-paires)/id1/502/57744.html"><h3>WELL</h3><h4>Mi-Bas 15D daim taille unique (2 paires)</h4><h4>Daim 15D TU</h4><p>
2 pièces
<br/>
0.84€/pièce
</p></a></div><div class="mini_picto_bas"></div></div></div></td><td><div class="bloc-produit promotion"><div class="bloc-produit-content   "><a title="Voir le produit" href="animaux-maison/textile/collant-elastivoile-resistant-15d-gazelle-t3/id1/502/57759.html"><img src="http://www.auchandirect.fr/static/images/products/line/57759.jpg" alt="" class="produit "/></a><div class="picto"><span class="invisible"></span></div><img src="http://www.auchandirect.fr/static/images/moins-50pourcent_small.png" class="ruban"/><div class="boutons-produit"><a id="addProductToBasket_129" onclick="javascript:Tapestry.waitForPage(event);" title="Ajouter au panier" class="bt-produit-ajout-panier" href="http://www.auchandirect.fr/rayon.productgridorlist.productlist.thumbnailproduct.addproducttobasket/57759?t:ac=promos"><span>Ajouter au panier</span></a><a id="addProductToShoppingList_129" onclick="javascript:Tapestry.waitForPage(event);" title="Ajouter à ma liste" class="bt-produit-ajout-liste" href="http://www.auchandirect.fr/rayon.productgridorlist.productlist.thumbnailproduct.addproducttoshoppinglist/57759?t:ac=promos">Ajouter à ma liste</a></div><div class="infos-produit-1"><div class="prix-old">4.27€</div><div class="prix-promo">2.13€</div></div><div class="infos-produit-2"><a title="Voir le produit" href="animaux-maison/textile/collant-elastivoile-resistant-15d-gazelle-t3/id1/502/57759.html"><h3>WELL</h3><h4>Collant Elastivoile resistant  15D gazelle T3</h4><h4>Gazelle 15D T3</h4><p>
1 pièce
<br/>
2.13€/pièce
</p></a></div><div class="mini_picto_bas"></div></div></div></td><td><div class="bloc-produit promotion"><div class="bloc-produit-content   "><a title="Voir le produit" href="animaux-maison/textile/collant-voile-galbant-noir-22d-t4/id1/502/57780.html"><img src="http://www.auchandirect.fr/static/images/products/line/57780.jpg" alt="" class="produit "/></a><div class="picto"><span class="invisible"></span></div><img src="http://www.auchandirect.fr/static/images/moins-50pourcent_small.png" class="ruban"/><div class="boutons-produit"><a id="addProductToBasket_130" onclick="javascript:Tapestry.waitForPage(event);" title="Ajouter au panier" class="bt-produit-ajout-panier" href="http://www.auchandirect.fr/rayon.productgridorlist.productlist.thumbnailproduct.addproducttobasket/57780?t:ac=promos"><span>Ajouter au panier</span></a><a id="addProductToShoppingList_130" onclick="javascript:Tapestry.waitForPage(event);" title="Ajouter à ma liste" class="bt-produit-ajout-liste" href="http://www.auchandirect.fr/rayon.productgridorlist.productlist.thumbnailproduct.addproducttoshoppinglist/57780?t:ac=promos">Ajouter à ma liste</a></div><div class="infos-produit-1"><div class="prix-old">5.32€</div><div class="prix-promo">2.66€</div></div><div class="infos-produit-2"><a title="Voir le produit" href="animaux-maison/textile/collant-voile-galbant-noir-22d-t4/id1/502/57780.html"><h3>WELL</h3><h4>Collant Voile Galbant Noir 22D T4</h4><h4>Noir 22D T4</h4><p>
1 pièce
<br/>
2.66€/pièce
</p></a></div><div class="mini_picto_bas"></div></div></div></td></tr><tr><td><div class="bloc-produit promotion"><div class="bloc-produit-content   "><a title="Voir le produit" href="animaux-maison/textile/collant-voile-galbant-miel-22d-t4/id1/502/57784.html"><img src="http://www.auchandirect.fr/static/images/products/line/57784.jpg" alt="" class="produit "/></a><div class="picto"><span class="invisible"></span></div><img src="http://www.auchandirect.fr/static/images/moins-50pourcent_small.png" class="ruban"/><div class="boutons-produit"><a id="addProductToBasket_131" onclick="javascript:Tapestry.waitForPage(event);" title="Ajouter au panier" class="bt-produit-ajout-panier" href="http://www.auchandirect.fr/rayon.productgridorlist.productlist.thumbnailproduct.addproducttobasket/57784?t:ac=promos"><span>Ajouter au panier</span></a><a id="addProductToShoppingList_131" onclick="javascript:Tapestry.waitForPage(event);" title="Ajouter à ma liste" class="bt-produit-ajout-liste" href="http://www.auchandirect.fr/rayon.productgridorlist.productlist.thumbnailproduct.addproducttoshoppinglist/57784?t:ac=promos">Ajouter à ma liste</a></div><div class="infos-produit-1"><div class="prix-old">5.32€</div><div class="prix-promo">2.66€</div></div><div class="infos-produit-2"><a title="Voir le produit" href="animaux-maison/textile/collant-voile-galbant-miel-22d-t4/id1/502/57784.html"><h3>WELL</h3><h4>Collant Voile Galbant Miel 22D T4</h4><h4>Miel 22D T4</h4><p>
1 pièce
<br/>
2.66€/pièce
</p></a></div><div class="mini_picto_bas"></div></div></div></td><td><div class="bloc-produit promotion"><div class="bloc-produit-content   "><a title="Voir le produit" href="animaux-maison/textile/legging-accord-parfait-opaque-noir-t3/id1/502/61339.html"><img src="http://www.auchandirect.fr/static/images/products/line/61339.jpg" alt="" class="produit "/></a><div class="picto"><span class="invisible"></span></div><img src="http://www.auchandirect.fr/static/images/moins-50pourcent_small.png" class="ruban"/><div class="boutons-produit"><a id="addProductToBasket_132" onclick="javascript:Tapestry.waitForPage(event);" title="Ajouter au panier" class="bt-produit-ajout-panier" href="http://www.auchandirect.fr/rayon.productgridorlist.productlist.thumbnailproduct.addproducttobasket/61339?t:ac=promos"><span>Ajouter au panier</span></a><a id="addProductToShoppingList_132" onclick="javascript:Tapestry.waitForPage(event);" title="Ajouter à ma liste" class="bt-produit-ajout-liste" href="http://www.auchandirect.fr/rayon.productgridorlist.productlist.thumbnailproduct.addproducttoshoppinglist/61339?t:ac=promos">Ajouter à ma liste</a></div><div class="infos-produit-1"><div class="prix-old">8.10€</div><div class="prix-promo">4.05€</div></div><div class="infos-produit-2"><a title="Voir le produit" href="animaux-maison/textile/legging-accord-parfait-opaque-noir-t3/id1/502/61339.html"><h3>WELL</h3><h4>Legging Accord Parfait opaque noir T3</h4><h4>Accord Parfait T3</h4><p>
1 pièce
<br/>
4.05€/pièce
</p></a></div><div class="mini_picto_bas"></div></div></div></td><td><div class="bloc-produit promotion"><div class="bloc-produit-content   "><a title="Voir le produit" href="animaux-maison/textile/mi-bas-voile-lycra15d-noir-taille-unique-(2-paires)/id1/502/57727.html"><img src="http://www.auchandirect.fr/static/images/products/line/57727.jpg" alt="" class="produit "/></a><div class="picto"><span class="invisible"></span></div><img src="http://www.auchandirect.fr/static/images/moins-50pourcent_small.png" class="ruban"/><div class="boutons-produit"><a id="addProductToBasket_133" onclick="javascript:Tapestry.waitForPage(event);" title="Ajouter au panier" class="bt-produit-ajout-panier" href="http://www.auchandirect.fr/rayon.productgridorlist.productlist.thumbnailproduct.addproducttobasket/57727?t:ac=promos"><span>Ajouter au panier</span></a><a id="addProductToShoppingList_133" onclick="javascript:Tapestry.waitForPage(event);" title="Ajouter à ma liste" class="bt-produit-ajout-liste" href="http://www.auchandirect.fr/rayon.productgridorlist.productlist.thumbnailproduct.addproducttoshoppinglist/57727?t:ac=promos">Ajouter à ma liste</a></div><div class="infos-produit-1"><div class="prix-old">5.57€</div><div class="prix-promo">2.78€</div></div><div class="infos-produit-2"><a title="Voir le produit" href="animaux-maison/textile/mi-bas-voile-lycra15d-noir-taille-unique-(2-paires)/id1/502/57727.html"><h3>WELL</h3><h4>Mi-bas voile lycra15D noir taille unique (2 paires)</h4><h4>Noir 15D TU</h4><p>
2 pièces
<br/>
1.39€/pièce
</p></a></div><div class="mini_picto_bas"></div></div></div></td></tr><tr><td><div class="bloc-produit promotion"><div class="bloc-produit-content   "><a title="Voir le produit" href="animaux-maison/textile/bas-sexy-legs-noir-t3/id1/502/57717.html"><img src="http://www.auchandirect.fr/static/images/products/line/57717.jpg" alt="" class="produit "/></a><div class="picto"><span class="invisible"></span></div><img src="http://www.auchandirect.fr/static/images/moins-50pourcent_small.png" class="ruban"/><div class="boutons-produit"><a id="addProductToBasket_134" onclick="javascript:Tapestry.waitForPage(event);" title="Ajouter au panier" class="bt-produit-ajout-panier" href="http://www.auchandirect.fr/rayon.productgridorlist.productlist.thumbnailproduct.addproducttobasket/57717?t:ac=promos"><span>Ajouter au panier</span></a><a id="addProductToShoppingList_134" onclick="javascript:Tapestry.waitForPage(event);" title="Ajouter à ma liste" class="bt-produit-ajout-liste" href="http://www.auchandirect.fr/rayon.productgridorlist.productlist.thumbnailproduct.addproducttoshoppinglist/57717?t:ac=promos">Ajouter à ma liste</a></div><div class="infos-produit-1"><div class="prix-old">5.42€</div><div class="prix-promo">2.71€</div></div><div class="infos-produit-2"><a title="Voir le produit" href="animaux-maison/textile/bas-sexy-legs-noir-t3/id1/502/57717.html"><h3>WELL</h3><h4>Bas Sexy Legs noir T3</h4><h4>Noir 15D T3</h4><p>
1 pièce
<br/>
2.71€/pièce
</p></a></div><div class="mini_picto_bas"></div></div></div></td><td><div class="bloc-produit promotion"><div class="bloc-produit-content   "><a title="Voir le produit" href="animaux-maison/textile/bas-qui-tient-seul-resistant-15d-noir-taille-3/id1/502/18847.html"><img src="http://www.auchandirect.fr/static/images/products/line/18847.jpg" alt="" class="produit "/></a><div class="picto"><span class="invisible"></span></div><img src="http://www.auchandirect.fr/static/images/moins-50pourcent_small.png" class="ruban"/><div class="boutons-produit"><a id="addProductToBasket_135" onclick="javascript:Tapestry.waitForPage(event);" title="Ajouter au panier" class="bt-produit-ajout-panier" href="http://www.auchandirect.fr/rayon.productgridorlist.productlist.thumbnailproduct.addproducttobasket/18847?t:ac=promos"><span>Ajouter au panier</span></a><a id="addProductToShoppingList_135" onclick="javascript:Tapestry.waitForPage(event);" title="Ajouter à ma liste" class="bt-produit-ajout-liste" href="http://www.auchandirect.fr/rayon.productgridorlist.productlist.thumbnailproduct.addproducttoshoppinglist/18847?t:ac=promos">Ajouter à ma liste</a></div><div class="infos-produit-1"><div class="prix-old">6.76€</div><div class="prix-promo">3.38€</div></div><div class="infos-produit-2"><a title="Voir le produit" href="animaux-maison/textile/bas-qui-tient-seul-resistant-15d-noir-taille-3/id1/502/18847.html"><h3>WELL</h3><h4>Bas qui tient seul resistant 15D noir taille 3</h4><h4>Noir 15D T3</h4><p>
1 pièce
<br/>
3.38€/pièce
</p></a></div><div class="mini_picto_bas"></div></div></div></td><td><div class="bloc-produit promotion"><div class="bloc-produit-content   "><a title="Voir le produit" href="animaux-maison/textile/bas-qui-tient-seul-resistant-15d-ibiza-taille-4/id1/502/18852.html"><img src="http://www.auchandirect.fr/static/images/products/line/18852.jpg" alt="" class="produit "/></a><div class="picto"><span class="invisible"></span></div><img src="http://www.auchandirect.fr/static/images/moins-50pourcent_small.png" class="ruban"/><div class="boutons-produit"><a id="addProductToBasket_136" onclick="javascript:Tapestry.waitForPage(event);" title="Ajouter au panier" class="bt-produit-ajout-panier" href="http://www.auchandirect.fr/rayon.productgridorlist.productlist.thumbnailproduct.addproducttobasket/18852?t:ac=promos"><span>Ajouter au panier</span></a><a id="addProductToShoppingList_136" onclick="javascript:Tapestry.waitForPage(event);" title="Ajouter à ma liste" class="bt-produit-ajout-liste" href="http://www.auchandirect.fr/rayon.productgridorlist.productlist.thumbnailproduct.addproducttoshoppinglist/18852?t:ac=promos">Ajouter à ma liste</a></div><div class="infos-produit-1"><div class="prix-old">6.63€</div><div class="prix-promo">3.31€</div></div><div class="infos-produit-2"><a title="Voir le produit" href="animaux-maison/textile/bas-qui-tient-seul-resistant-15d-ibiza-taille-4/id1/502/18852.html"><h3>WELL</h3><h4>Bas qui tient seul resistant 15D ibiza taille 4</h4><h4>Ibiza 15D T4</h4><p>
1 pièce
<br/>
3.31€/pièce
</p></a></div><div class="mini_picto_bas"></div></div></div></td></tr><tr><td><div class="bloc-produit promotion"><div class="bloc-produit-content   "><a title="Voir le produit" href="animaux-maison/textile/collant-voile-h%25C3%25A2le-naturel-coloris-clair-t3/id1/502/60873.html"><img src="http://www.auchandirect.fr/static/images/products/line/60873.jpg" alt="" class="produit "/></a><div class="picto"><span class="invisible"></span></div><img src="http://www.auchandirect.fr/static/images/moins-50pourcent_small.png" class="ruban"/><div class="boutons-produit"><a id="addProductToBasket_137" onclick="javascript:Tapestry.waitForPage(event);" title="Ajouter au panier" class="bt-produit-ajout-panier" href="http://www.auchandirect.fr/rayon.productgridorlist.productlist.thumbnailproduct.addproducttobasket/60873?t:ac=promos"><span>Ajouter au panier</span></a><a id="addProductToShoppingList_137" onclick="javascript:Tapestry.waitForPage(event);" title="Ajouter à ma liste" class="bt-produit-ajout-liste" href="http://www.auchandirect.fr/rayon.productgridorlist.productlist.thumbnailproduct.addproducttoshoppinglist/60873?t:ac=promos">Ajouter à ma liste</a></div><div class="infos-produit-1"><div class="prix-old">6.58€</div><div class="prix-promo">3.29€</div></div><div class="infos-produit-2"><a title="Voir le produit" href="animaux-maison/textile/collant-voile-h%25C3%25A2le-naturel-coloris-clair-t3/id1/502/60873.html"><h3>WELL</h3><h4>Collant voile Hâle naturel coloris clair T3</h4><h4>Hâle Naturel</h4><p>
1 pièce
<br/>
3.29€/pièce
</p></a></div><div class="mini_picto_bas"></div></div></div></td><td><div class="bloc-produit promotion"><div class="bloc-produit-content   "><a title="Voir le produit" href="animaux-maison/textile/collant-elastivoile-resistant-couleur-ibiza-taille-4/id1/502/24113.html"><img src="http://www.auchandirect.fr/static/images/products/line/24113.jpg" alt="" class="produit "/></a><div class="picto"><span class="invisible"></span></div><img src="http://www.auchandirect.fr/static/images/moins-50pourcent_small.png" class="ruban"/><div class="boutons-produit"><a id="addProductToBasket_138" onclick="javascript:Tapestry.waitForPage(event);" title="Ajouter au panier" class="bt-produit-ajout-panier" href="http://www.auchandirect.fr/rayon.productgridorlist.productlist.thumbnailproduct.addproducttobasket/24113?t:ac=promos"><span>Ajouter au panier</span></a><a id="addProductToShoppingList_138" onclick="javascript:Tapestry.waitForPage(event);" title="Ajouter à ma liste" class="bt-produit-ajout-liste" href="http://www.auchandirect.fr/rayon.productgridorlist.productlist.thumbnailproduct.addproducttoshoppinglist/24113?t:ac=promos">Ajouter à ma liste</a></div><div class="infos-produit-1"><div class="prix-old">4.27€</div><div class="prix-promo">2.13€</div></div><div class="infos-produit-2"><a title="Voir le produit" href="animaux-maison/textile/collant-elastivoile-resistant-couleur-ibiza-taille-4/id1/502/24113.html"><h3>WELL</h3><h4>Collant Elastivoile resistant couleur ibiza taille 4</h4><h4>Ibiza 15D T4</h4><p>
1 pièce
<br/>
2.13€/pièce
</p></a></div><div class="mini_picto_bas"></div></div></div></td><td><div class="bloc-produit promotion"><div class="bloc-produit-content   "><a title="Voir le produit" href="animaux-maison/textile/collant-elastivoile-resistant-couleur-noir-taille-4/id1/502/24112.html"><img src="http://www.auchandirect.fr/static/images/products/line/24112.jpg" alt="" class="produit "/></a><div class="picto"><span class="invisible"></span></div><img src="http://www.auchandirect.fr/static/images/moins-50pourcent_small.png" class="ruban"/><div class="boutons-produit"><a id="addProductToBasket_139" onclick="javascript:Tapestry.waitForPage(event);" title="Ajouter au panier" class="bt-produit-ajout-panier" href="http://www.auchandirect.fr/rayon.productgridorlist.productlist.thumbnailproduct.addproducttobasket/24112?t:ac=promos"><span>Ajouter au panier</span></a><a id="addProductToShoppingList_139" onclick="javascript:Tapestry.waitForPage(event);" title="Ajouter à ma liste" class="bt-produit-ajout-liste" href="http://www.auchandirect.fr/rayon.productgridorlist.productlist.thumbnailproduct.addproducttoshoppinglist/24112?t:ac=promos">Ajouter à ma liste</a></div><div class="infos-produit-1"><div class="prix-old">4.27€</div><div class="prix-promo">2.13€</div></div><div class="infos-produit-2"><a title="Voir le produit" href="animaux-maison/textile/collant-elastivoile-resistant-couleur-noir-taille-4/id1/502/24112.html"><h3>WELL</h3><h4>Collant Elastivoile resistant couleur noir taille 4</h4><h4>Noir 15D T4</h4><p>
1 pièce
<br/>
2.13€/pièce
</p></a></div><div class="mini_picto_bas"></div></div></div></td></tr><tr><td><div class="bloc-produit promotion"><div class="bloc-produit-content   "><a title="Voir le produit" href="animaux-maison/textile/mi-bas-satin%25C3%25A9-noir-19d-taille-unique-(2-paires)/id1/502/50025.html"><img src="http://www.auchandirect.fr/static/images/products/line/50025.jpg" alt="" class="produit "/></a><div class="picto"><span class="invisible"></span></div><img src="http://www.auchandirect.fr/static/images/moins-50pourcent_small.png" class="ruban"/><div class="boutons-produit"><a id="addProductToBasket_140" onclick="javascript:Tapestry.waitForPage(event);" title="Ajouter au panier" class="bt-produit-ajout-panier" href="http://www.auchandirect.fr/rayon.productgridorlist.productlist.thumbnailproduct.addproducttobasket/50025?t:ac=promos"><span>Ajouter au panier</span></a><a id="addProductToShoppingList_140" onclick="javascript:Tapestry.waitForPage(event);" title="Ajouter à ma liste" class="bt-produit-ajout-liste" href="http://www.auchandirect.fr/rayon.productgridorlist.productlist.thumbnailproduct.addproducttoshoppinglist/50025?t:ac=promos">Ajouter à ma liste</a></div><div class="infos-produit-1"><div class="prix-old">4.51€</div><div class="prix-promo">2.25€</div></div><div class="infos-produit-2"><a title="Voir le produit" href="animaux-maison/textile/mi-bas-satin%25C3%25A9-noir-19d-taille-unique-(2-paires)/id1/502/50025.html"><h3>WELL</h3><h4>Mi-Bas Satiné noir  19D Taille unique (2 paires)</h4><h4>Satine Noir 19D TU</h4><p>
2 pièces
<br/>
1.13€/pièce
</p></a></div><div class="mini_picto_bas"></div></div></div></td><td><div class="bloc-produit promotion"><div class="bloc-produit-content   "><a title="Voir le produit" href="animaux-maison/textile/mi-bas-voile-25d-ibiza-taille-39/41/id1/502/50020.html"><img src="http://www.auchandirect.fr/static/images/products/line/50020.jpg" alt="" class="produit "/></a><div class="picto"><span class="invisible"></span></div><img src="http://www.auchandirect.fr/static/images/moins-50pourcent_small.png" class="ruban"/><div class="boutons-produit"><a id="addProductToBasket_141" onclick="javascript:Tapestry.waitForPage(event);" title="Ajouter au panier" class="bt-produit-ajout-panier" href="http://www.auchandirect.fr/rayon.productgridorlist.productlist.thumbnailproduct.addproducttobasket/50020?t:ac=promos"><span>Ajouter au panier</span></a><a id="addProductToShoppingList_141" onclick="javascript:Tapestry.waitForPage(event);" title="Ajouter à ma liste" class="bt-produit-ajout-liste" href="http://www.auchandirect.fr/rayon.productgridorlist.productlist.thumbnailproduct.addproducttoshoppinglist/50020?t:ac=promos">Ajouter à ma liste</a></div><div class="infos-produit-1"><div class="prix-old">3.85€</div><div class="prix-promo">1.92€</div></div><div class="infos-produit-2"><a title="Voir le produit" href="animaux-maison/textile/mi-bas-voile-25d-ibiza-taille-39/41/id1/502/50020.html"><h3>WELL</h3><h4>Mi-Bas  Voile 25D ibiza taille 39/41</h4><h4>Ibiza 25D T39/41</h4><p>
1 pièce
<br/>
1.92€/pièce
</p></a></div><div class="mini_picto_bas"></div></div></div></td><td><div class="bloc-produit promotion"><div class="bloc-produit-content   "><a title="Voir le produit" href="animaux-maison/textile/mi-bas-voile-25d-noir-taille-39/41/id1/502/50022.html"><img src="http://www.auchandirect.fr/static/images/products/line/50022.jpg" alt="" class="produit "/></a><div class="picto"><span class="invisible"></span></div><img src="http://www.auchandirect.fr/static/images/moins-50pourcent_small.png" class="ruban"/><div class="boutons-produit"><a id="addProductToBasket_142" onclick="javascript:Tapestry.waitForPage(event);" title="Ajouter au panier" class="bt-produit-ajout-panier" href="http://www.auchandirect.fr/rayon.productgridorlist.productlist.thumbnailproduct.addproducttobasket/50022?t:ac=promos"><span>Ajouter au panier</span></a><a id="addProductToShoppingList_142" onclick="javascript:Tapestry.waitForPage(event);" title="Ajouter à ma liste" class="bt-produit-ajout-liste" href="http://www.auchandirect.fr/rayon.productgridorlist.productlist.thumbnailproduct.addproducttoshoppinglist/50022?t:ac=promos">Ajouter à ma liste</a></div><div class="infos-produit-1"><div class="prix-old">3.85€</div><div class="prix-promo">1.92€</div></div><div class="infos-produit-2"><a title="Voir le produit" href="animaux-maison/textile/mi-bas-voile-25d-noir-taille-39/41/id1/502/50022.html"><h3>WELL</h3><h4>Mi-Bas  Voile 25D noir taille 39/41</h4><h4>Noir 25D T39/41</h4><p>
1 pièce
<br/>
1.92€/pièce
</p></a></div><div class="mini_picto_bas"></div></div></div></td></tr><tr><td><div class="bloc-produit promotion"><div class="bloc-produit-content   "><a title="Voir le produit" href="http://www.auchandirect.fr/animaux-maison/animaux/croquettes-pour-chats-stérilisés-au-poulet/id1/501/102368"><img src="http://www.auchandirect.fr/static/images/products/line/102368.jpg" alt="" class="produit "/></a><div class="picto"><span class="invisible"></span></div><img src="http://www.auchandirect.fr/static/images/moins-30pourcent_small.png" class="ruban"/><div class="boutons-produit"><a id="addProductToBasket_143" onclick="javascript:Tapestry.waitForPage(event);" title="Ajouter au panier" class="bt-produit-ajout-panier" href="http://www.auchandirect.fr/rayon.productgridorlist.productlist.thumbnailproduct.addproducttobasket/102368?t:ac=promos"><span>Ajouter au panier</span></a><a id="addProductToShoppingList_143" onclick="javascript:Tapestry.waitForPage(event);" title="Ajouter à ma liste" class="bt-produit-ajout-liste" href="http://www.auchandirect.fr/rayon.productgridorlist.productlist.thumbnailproduct.addproducttoshoppinglist/102368?t:ac=promos">Ajouter à ma liste</a></div><div class="infos-produit-1"><div class="prix-old">4.49€</div><div class="prix-promo">3.14€</div></div><div class="infos-produit-2"><a title="Voir le produit" href="http://www.auchandirect.fr/animaux-maison/animaux/croquettes-pour-chats-stérilisés-au-poulet/id1/501/102368"><h3>WHISKAS</h3><h4>Croquettes pour chats stérilisés au poulet</h4><h4></h4><p>
1.750 kg
<br/>
174.44€/kg
</p></a></div><div class="mini_picto_bas"></div></div></div></td><td></td><td></td></tr></table></div></div></div><!-- t:zone t:id="productListZone" t:update="show">
							<t:if test="specificCategory">
								<div id="${productListDivId}" class="liste clear-container">
									<bean t:type="products/lists/productList" categoryId="categoryId" products="products" listType="displayType" specifCategory="true" />
								</div>
							<p:else>
								<div id="${productListDivId}" class="liste clear-container">
									<bean t:type="products/lists/productList" categoryId="categoryId" products="products" listType="displayType" />
								</div>
							</p:else>
							</t:if>
						</t:zone --><!-- Bannière bas --><div class="zone-admin diff-zone"></div><!--  --><div class="clear-container" id="liste-produits-infos"><p>
Si vous avez des suggestions de produits,
<a id="suggestionPopup" onclick="javascript:Tapestry.waitForPage(event);" class="orange-link" shape="rect" href="rayon.suggestionpopup%3Ft:ac=promos.html">dites-le nous !</a><span class="backtotop"><a shape="rect" href="rayon.pagetemplate.fancycloseprovidergabarit.closebuttonhk%3Ft:ac=promos.html#top">Retour en haut de page</a></span></p></div></div><div style="position: relative" class="right-content"><div style="position: relative" id="wrapper_for_fixed_content"><!-- <div id="wrapper_for_fixed_content" xmlns:t="http://tapestry.apache.org/schema/tapestry_5_1_0.xsd" xmlns:p="tapestry:parameter"> --><div id="tout-en-un-client"><div class="item first" id="tout-en-un-compte"><h3>Mon Compte</h3><p><a id="eventlink" onclick="javascript:Tapestry.waitForPage(event);" href="rayon.customerinfos:showsigninpopup%3Ft:ac=promos.html">Identifiez-vous</a><a> - </a><a id="registerPopup" onclick="javascript:Tapestry.waitForPage(event);" href="rayon.customerinfos.registerpopup%3Ft:ac=promos.html">Inscrivez-vous</a></p></div><div class="item" id="tout-en-un-commandes"><h3>Mes commandes</h3><p><a id="popupAuth" onclick="javascript:Tapestry.waitForPage(event);" href="rayon.customerinfos.popupauth%3Ft:ac=promos.html">Consultez vos commandes en cours et passées</a></p></div><div class="item" id="tout-en-un-livraison"><h3>
Ma livraison
</h3><p class="t-zone" id="slotInfoZone"><a id="showSlotTab" onclick="javascript:Tapestry.waitForPage(event);" href="rayon.customerinfos.slotinfo.showslottab%3Ft:ac=promos.html"><span class="item-texte">
Prochaine livraison possible
</span><span class="item-date">jeudi 28/03 entre 07h00 et 09h00</span></a></p></div><div class="t-zone" id="accountSummaryTabContentZone"><div id="onglets"><ul class="menu menu-horizontal tabs float-container"><li><a id="basket" onclick="javascript:Tapestry.waitForPage(event);" title="Mon panier" class="onglet-panier current" href="rayon.customerinfos.basket%3Ft:ac=promos.html"><span class="invisible">Mon panier</span></a></li><li><a id="lists" onclick="javascript:Tapestry.waitForPage(event);" title="Mes listes" class="onglet-listes " href="rayon.customerinfos.lists%3Ft:ac=promos.html"><span class="invisible">Mes listes</span></a></li><li><a id="topBasket" onclick="javascript:Tapestry.waitForPage(event);" title="Lancer mon top panier" class="onglet-top-panier " href="rayon.customerinfos.topbasket%3Ft:ac=promos.html"><span class="invisible">Mon top panier</span></a></li></ul><div class="panes"><div class="item" id="panel-panier"><div class="t-zone" id="completeMiniBasketZone"><div class="t-zone" id="miniBasket"><p>Votre panier est vide</p><ul class="menu menu-horizontal"><li><a title="Voir le détails de votre panier" class="panier-bt-voir" href="monpanier.html"></a></li></ul></div><div class="bouton-right-container"><div class="container-bouton-type1"><a id="validateBasket" onclick="javascript:Tapestry.waitForPage(event);" class="bouton-type1" href="rayon.customerinfos.minibasket.validatebasket%3Ft:ac=promos.html">
Valider mon panier
</a></div></div><div class="clear"></div></div></div></div></div></div></div><!-- </div> --><!-- <bean t:type="misc/commitment/expandedCommitment" /> --></div></div></div></div><!-- div class="float-container" id="footer-menu-annexe" xmlns:t="http://tapestry.apache.org/schema/tapestry_5_1_0.xsd">
	<ul class="menu menu-horizontal">
		<li>
			<t:pagelink t:page="apropos/engagement">
				<t:outputraw value="message:link.engagement.lbl" />
			</t:pagelink>
		</li>
		<li>
			<t:pagelink t:page="apropos/contact">
				<t:outputraw value="message:link.contact.lbl" />
			</t:pagelink>
		</li>
		<li>
			<t:pagelink t:page="apropos/faq">
				<t:outputraw value="message:link.faq.lbl" />
			</t:pagelink>
		</li>
		<li>
			<t:pagelink t:page="apropos/cgv">
				<t:outputraw value="message:link.cgv.lbl" />
			</t:pagelink>
		</li>
		<li>
			<t:pagelink t:page="apropos/operations">
				<t:outputraw value="message:link.operations.lbl" />
			</t:pagelink>
		</li>
		<li>
			<t:pagelink t:page="apropos/legal">
				<t:outputraw value="message:link.legal.lbl" />
			</t:pagelink>
		</li>
	</ul>
</div --><div id="footer-menu-annexe" class="float-container">
<ul class="menu menu-horizontal">
	<li><a href="http://www.auchandirect.fr/apropos/engagement">Engagements</a></li>
	<li><a href="http://www.auchandirect.fr/apropos/contact">Contactez-nous</a></li>
	<li><a href="http://www.auchandirect.fr/apropos/faq">FAQ</a></li>
	<li><a href="http://www.auchandirect.fr/apropos/cgv">Conditions g&eacute;n&eacute;rales de vente</a></li>
	<li><a href="http://www.auchandirect.fr/apropos/operations">Op&eacute;rations commerciales</a></li>
	<li><a href="http://www.auchandirect.fr/apropos/legal">Mentions l&eacute;gales</a></li>
	<li><a href="actu.html">Actualit&eacute;s</a> </li>
</ul>
</div>
<!-- div class="float-container" id="footer-infos" xmlns:t="http://tapestry.apache.org/schema/tapestry_5_1_0.xsd">
	<div id="info-facebook">
		<a href="http://www.facebook.com/Auchandirect.fr" target="_blank">
			<img width="26" height="26" alt="${message:facebook.img.alt}" src="/static/images/icone-facebook.png" />
		</a>
		<a href="http://www.facebook.com/Auchandirect.fr" target="_blank">	
			<span><t:outputraw value="message:facebook.fan.lbl" /></span>
		</a>
	</div>
	<div id="infos-contact">
		<div id="infos-contact-titre">
			<t:outputraw value="message:info.contact.lbl" />
		</div>
		<div id="infos-contact-tel">
			<t:outputraw value="message:info.phone.lbl" />
		</div>
		<div id="infos-contact-mail">
			<t:outputraw value="message:info.mail.lbl" />
		</div>
		<div id="eco-responsable">
			<img src="/static/images/picto-carton.png" width="142" height="126" alt="${message:eco.resp.alt}" />
		</div>
	</div>
</div --><div id="footer-infos" class="float-container">
<div id="info-facebook">
<a href="http://www.facebook.com/Auchandirect.fr" target="_blank"><img src="http://www.auchandirect.fr/static/images/icone-facebook.png" alt="auchandirect sur facebook" width="26" height="26" /></a><a href="http://www.facebook.com/Auchandirect.fr" target="_blank"><span>Devenez fan !</span></a>
</div>
<div id="infos-contact">
<div id="infos-contact-titre">
Contactez votre service client :
</div>
<div id="infos-contact-tel">
<strong>Par t&eacute;l&eacute;phone : 09 69 39 19 69 </strong>Du lundi au vendredi de 8H &agrave; 22H et le samedi de 9H &agrave; 18H (Appel non surtax&eacute;)
</div>
<div id="infos-contact-mail">
<strong>Par email : <a href="mailto:client@auchandirect.fr">client@auchandirect.fr</a></strong>
</div>
<div id="eco-responsable">
<img src="http://www.auchandirect.fr/static/images/picto-carton.png" alt="eco-responsable" width="142" height="126" />
</div>
</div>
</div>
</div><div><a onclick="javascript:Tapestry.waitForPage(event);" id="closeButtonHk" href="rayon.pagetemplate.fancycloseprovidergabarit.closebuttonhk%3Ft:ac=promos.html"></a></div><div class="t-zone" id="popupZone"></div><div class="t-zone" id="secondPopupZone"></div><div class="t-zone" id="closePopupZone"></div><a style="display:none;" id="showPopupLink" href="rayon.pagetemplate.fancycloseprovidergabarit.closebuttonhk%3Ft:ac=promos.html#popupContent" class="fancylink"></a><div style="display:none"><div class="t-zone" id="forceAjax"></div></div><script type="text/javascript">
var gaJsHost = (("https:" == document.location.protocol) ? "https://ssl." : "http://www.");
document.write(unescape("%3Cscript src='" + gaJsHost + "google-analytics.com/ga.js' type='text/javascript'%3E%3C/script%3E"));
</script><script type="text/javascript">
var pageTracker = _gat._getTracker("UA-3062526-1");
pageTracker._initData();
pageTracker._trackPageview();
pageTracker._trackPageLoadTime();
</script><script src="http://www.auchandirect.fr/assets/ctx/296dafb4649acaf9/static/scripts/adi_all.js" type="text/javascript"></script><script src="http://www.auchandirect.fr/assets/ctx/296dafb4649acaf9/static/scripts/atos-fancy-fix.js" type="text/javascript"></script><script src="http://www.auchandirect.fr/assets/ctx/296dafb4649acaf9/static/fancybox/jquery.fancybox-1.3.4.js" type="text/javascript"></script><div id="endpiejs"></div><script type="text/javascript">Tapestry.onDOMLoaded(function() {
Tapestry.init({"popup":[[]],"linkZone":[["newsLetterPopup","forceAjax","/rayon.pagetemplate.header.headertop.newsletterpopup?t:ac=promos"],["sortForm","productListZone","/rayon.productgridorlist.sortform"],["list","productListZone","/rayon.productgridorlist.list?t:ac=promos"],["thumbnail","productListZone","/rayon.productgridorlist.thumbnail?t:ac=promos"],["viewCat","labelZone","/rayon.productgridorlist.viewcat/404?t:ac=promos"],["viewCat_0","labelZone","/rayon.productgridorlist.viewcat/408?t:ac=promos"],["viewCat_1","labelZone","/rayon.productgridorlist.viewcat/407?t:ac=promos"],["viewCat_2","labelZone","/rayon.productgridorlist.viewcat/406?t:ac=promos"],["viewCat_3","labelZone","/rayon.productgridorlist.viewcat/413?t:ac=promos"],["viewCat_4","labelZone","/rayon.productgridorlist.viewcat/409?t:ac=promos"],["viewCat_5","labelZone","/rayon.productgridorlist.viewcat/411?t:ac=promos"],["viewCat_6","labelZone","/rayon.productgridorlist.viewcat/410?t:ac=promos"],["viewCat_7","labelZone","/rayon.productgridorlist.viewcat/405?t:ac=promos"],["viewCat_8","labelZone","/rayon.productgridorlist.viewcat/412?t:ac=promos"],["viewCat_9","labelZone","/rayon.productgridorlist.viewcat/414?t:ac=promos"],["viewCat_10","labelZone","/rayon.productgridorlist.viewcat/415?t:ac=promos"],["filterNews","productListZone","/rayon.productgridorlist.filternews?t:ac=promos"],["filterAuchan","productListZone","/rayon.productgridorlist.filterauchan?t:ac=promos"],["addProductToBasket","forceAjax","/rayon.productgridorlist.productlist.thumbnailproduct.addproducttobasket/37109?t:ac=promos"],["addProductToShoppingList","forceAjax","/rayon.productgridorlist.productlist.thumbnailproduct.addproducttoshoppinglist/37109?t:ac=promos"],["addProductToBasket_0","forceAjax","/rayon.productgridorlist.productlist.thumbnailproduct.addproducttobasket/27500?t:ac=promos"],["addProductToShoppingList_0","forceAjax","/rayon.productgridorlist.productlist.thumbnailproduct.addproducttoshoppinglist/27500?t:ac=promos"],["addProductToBasket_1","forceAjax","/rayon.productgridorlist.productlist.thumbnailproduct.addproducttobasket/13851?t:ac=promos"],["addProductToShoppingList_1","forceAjax","/rayon.productgridorlist.productlist.thumbnailproduct.addproducttoshoppinglist/13851?t:ac=promos"],["addProductToBasket_2","forceAjax","/rayon.productgridorlist.productlist.thumbnailproduct.addproducttobasket/LV0000002380?t:ac=promos"],["addProductToShoppingList_2","forceAjax","/rayon.productgridorlist.productlist.thumbnailproduct.addproducttoshoppinglist/LV0000002380?t:ac=promos"],["addProductToBasket_3","forceAjax","/rayon.productgridorlist.productlist.thumbnailproduct.addproducttobasket/LV0000002378?t:ac=promos"],["addProductToShoppingList_3","forceAjax","/rayon.productgridorlist.productlist.thumbnailproduct.addproducttoshoppinglist/LV0000002378?t:ac=promos"],["addProductToBasket_4","forceAjax","/rayon.productgridorlist.productlist.thumbnailproduct.addproducttobasket/LV0000002063?t:ac=promos"],["addProductToShoppingList_4","forceAjax","/rayon.productgridorlist.productlist.thumbnailproduct.addproducttoshoppinglist/LV0000002063?t:ac=promos"],["addProductToBasket_5","forceAjax","/rayon.productgridorlist.productlist.thumbnailproduct.addproducttobasket/4286?t:ac=promos"],["addProductToShoppingList_5","forceAjax","/rayon.productgridorlist.productlist.thumbnailproduct.addproducttoshoppinglist/4286?t:ac=promos"],["addProductToBasket_6","forceAjax","/rayon.productgridorlist.productlist.thumbnailproduct.addproducttobasket/LV0000002496?t:ac=promos"],["addProductToShoppingList_6","forceAjax","/rayon.productgridorlist.productlist.thumbnailproduct.addproducttoshoppinglist/LV0000002496?t:ac=promos"],["addProductToBasket_7","forceAjax","/rayon.productgridorlist.productlist.thumbnailproduct.addproducttobasket/58036?t:ac=promos"],["addProductToShoppingList_7","forceAjax","/rayon.productgridorlist.productlist.thumbnailproduct.addproducttoshoppinglist/58036?t:ac=promos"],["addProductToBasket_8","forceAjax","/rayon.productgridorlist.productlist.thumbnailproduct.addproducttobasket/LV0000002441?t:ac=promos"],["addProductToShoppingList_8","forceAjax","/rayon.productgridorlist.productlist.thumbnailproduct.addproducttoshoppinglist/LV0000002441?t:ac=promos"],["addProductToBasket_9","forceAjax","/rayon.productgridorlist.productlist.thumbnailproduct.addproducttobasket/LV0000002440?t:ac=promos"],["addProductToShoppingList_9","forceAjax","/rayon.productgridorlist.productlist.thumbnailproduct.addproducttoshoppinglist/LV0000002440?t:ac=promos"],["addProductToBasket_10","forceAjax","/rayon.productgridorlist.productlist.thumbnailproduct.addproducttobasket/57262?t:ac=promos"],["addProductToShoppingList_10","forceAjax","/rayon.productgridorlist.productlist.thumbnailproduct.addproducttoshoppinglist/57262?t:ac=promos"],["addProductToBasket_11","forceAjax","/rayon.productgridorlist.productlist.thumbnailproduct.addproducttobasket/52186?t:ac=promos"],["addProductToShoppingList_11","forceAjax","/rayon.productgridorlist.productlist.thumbnailproduct.addproducttoshoppinglist/52186?t:ac=promos"],["addProductToBasket_12","forceAjax","/rayon.productgridorlist.productlist.thumbnailproduct.addproducttobasket/55671?t:ac=promos"],["addProductToShoppingList_12","forceAjax","/rayon.productgridorlist.productlist.thumbnailproduct.addproducttoshoppinglist/55671?t:ac=promos"],["addProductToBasket_13","forceAjax","/rayon.productgridorlist.productlist.thumbnailproduct.addproducttobasket/LV0000000170?t:ac=promos"],["addProductToShoppingList_13","forceAjax","/rayon.productgridorlist.productlist.thumbnailproduct.addproducttoshoppinglist/LV0000000170?t:ac=promos"],["addProductToBasket_14","forceAjax","/rayon.productgridorlist.productlist.thumbnailproduct.addproducttobasket/58428?t:ac=promos"],["addProductToShoppingList_14","forceAjax","/rayon.productgridorlist.productlist.thumbnailproduct.addproducttoshoppinglist/58428?t:ac=promos"],["addProductToBasket_15","forceAjax","/rayon.productgridorlist.productlist.thumbnailproduct.addproducttobasket/58438?t:ac=promos"],["addProductToShoppingList_15","forceAjax","/rayon.productgridorlist.productlist.thumbnailproduct.addproducttoshoppinglist/58438?t:ac=promos"],["addProductToBasket_16","forceAjax","/rayon.productgridorlist.productlist.thumbnailproduct.addproducttobasket/58436?t:ac=promos"],["addProductToShoppingList_16","forceAjax","/rayon.productgridorlist.productlist.thumbnailproduct.addproducttoshoppinglist/58436?t:ac=promos"],["addProductToBasket_17","forceAjax","/rayon.productgridorlist.productlist.thumbnailproduct.addproducttobasket/58437?t:ac=promos"],["addProductToShoppingList_17","forceAjax","/rayon.productgridorlist.productlist.thumbnailproduct.addproducttoshoppinglist/58437?t:ac=promos"],["addProductToBasket_18","forceAjax","/rayon.productgridorlist.productlist.thumbnailproduct.addproducttobasket/58434?t:ac=promos"],["addProductToShoppingList_18","forceAjax","/rayon.productgridorlist.productlist.thumbnailproduct.addproducttoshoppinglist/58434?t:ac=promos"],["addProductToBasket_19","forceAjax","/rayon.productgridorlist.productlist.thumbnailproduct.addproducttobasket/58432?t:ac=promos"],["addProductToShoppingList_19","forceAjax","/rayon.productgridorlist.productlist.thumbnailproduct.addproducttoshoppinglist/58432?t:ac=promos"],["addProductToBasket_20","forceAjax","/rayon.productgridorlist.productlist.thumbnailproduct.addproducttobasket/58433?t:ac=promos"],["addProductToShoppingList_20","forceAjax","/rayon.productgridorlist.productlist.thumbnailproduct.addproducttoshoppinglist/58433?t:ac=promos"],["addProductToBasket_21","forceAjax","/rayon.productgridorlist.productlist.thumbnailproduct.addproducttobasket/58431?t:ac=promos"],["addProductToShoppingList_21","forceAjax","/rayon.productgridorlist.productlist.thumbnailproduct.addproducttoshoppinglist/58431?t:ac=promos"],["addProductToBasket_22","forceAjax","/rayon.productgridorlist.productlist.thumbnailproduct.addproducttobasket/51351?t:ac=promos"],["addProductToShoppingList_22","forceAjax","/rayon.productgridorlist.productlist.thumbnailproduct.addproducttoshoppinglist/51351?t:ac=promos"],["addProductToBasket_23","forceAjax","/rayon.productgridorlist.productlist.thumbnailproduct.addproducttobasket/61157?t:ac=promos"],["addProductToShoppingList_23","forceAjax","/rayon.productgridorlist.productlist.thumbnailproduct.addproducttoshoppinglist/61157?t:ac=promos"],["addProductToBasket_24","forceAjax","/rayon.productgridorlist.productlist.thumbnailproduct.addproducttobasket/61158?t:ac=promos"],["addProductToShoppingList_24","forceAjax","/rayon.productgridorlist.productlist.thumbnailproduct.addproducttoshoppinglist/61158?t:ac=promos"],["addProductToBasket_25","forceAjax","/rayon.productgridorlist.productlist.thumbnailproduct.addproducttobasket/6595?t:ac=promos"],["addProductToShoppingList_25","forceAjax","/rayon.productgridorlist.productlist.thumbnailproduct.addproducttoshoppinglist/6595?t:ac=promos"],["addProductToBasket_26","forceAjax","/rayon.productgridorlist.productlist.thumbnailproduct.addproducttobasket/60207?t:ac=promos"],["addProductToShoppingList_26","forceAjax","/rayon.productgridorlist.productlist.thumbnailproduct.addproducttoshoppinglist/60207?t:ac=promos"],["addProductToBasket_27","forceAjax","/rayon.productgridorlist.productlist.thumbnailproduct.addproducttobasket/LV0000002163?t:ac=promos"],["addProductToShoppingList_27","forceAjax","/rayon.productgridorlist.productlist.thumbnailproduct.addproducttoshoppinglist/LV0000002163?t:ac=promos"],["addProductToBasket_28","forceAjax","/rayon.productgridorlist.productlist.thumbnailproduct.addproducttobasket/LV0000001932?t:ac=promos"],["addProductToShoppingList_28","forceAjax","/rayon.productgridorlist.productlist.thumbnailproduct.addproducttoshoppinglist/LV0000001932?t:ac=promos"],["addProductToBasket_29","forceAjax","/rayon.productgridorlist.productlist.thumbnailproduct.addproducttobasket/86655?t:ac=promos"],["addProductToShoppingList_29","forceAjax","/rayon.productgridorlist.productlist.thumbnailproduct.addproducttoshoppinglist/86655?t:ac=promos"],["addProductToBasket_30","forceAjax","/rayon.productgridorlist.productlist.thumbnailproduct.addproducttobasket/80135?t:ac=promos"],["addProductToShoppingList_30","forceAjax","/rayon.productgridorlist.productlist.thumbnailproduct.addproducttoshoppinglist/80135?t:ac=promos"],["addProductToBasket_31","forceAjax","/rayon.productgridorlist.productlist.thumbnailproduct.addproducttobasket/80273?t:ac=promos"],["addProductToShoppingList_31","forceAjax","/rayon.productgridorlist.productlist.thumbnailproduct.addproducttoshoppinglist/80273?t:ac=promos"],["addProductToBasket_32","forceAjax","/rayon.productgridorlist.productlist.thumbnailproduct.addproducttobasket/60922?t:ac=promos"],["addProductToShoppingList_32","forceAjax","/rayon.productgridorlist.productlist.thumbnailproduct.addproducttoshoppinglist/60922?t:ac=promos"],["addProductToBasket_33","forceAjax","/rayon.productgridorlist.productlist.thumbnailproduct.addproducttobasket/LV0000002346?t:ac=promos"],["addProductToShoppingList_33","forceAjax","/rayon.productgridorlist.productlist.thumbnailproduct.addproducttoshoppinglist/LV0000002346?t:ac=promos"],["addProductToBasket_34","forceAjax","/rayon.productgridorlist.productlist.thumbnailproduct.addproducttobasket/LV0000000810?t:ac=promos"],["addProductToShoppingList_34","forceAjax","/rayon.productgridorlist.productlist.thumbnailproduct.addproducttoshoppinglist/LV0000000810?t:ac=promos"],["addProductToBasket_35","forceAjax","/rayon.productgridorlist.productlist.thumbnailproduct.addproducttobasket/60449?t:ac=promos"],["addProductToShoppingList_35","forceAjax","/rayon.productgridorlist.productlist.thumbnailproduct.addproducttoshoppinglist/60449?t:ac=promos"],["addProductToBasket_36","forceAjax","/rayon.productgridorlist.productlist.thumbnailproduct.addproducttobasket/LV0000002341?t:ac=promos"],["addProductToShoppingList_36","forceAjax","/rayon.productgridorlist.productlist.thumbnailproduct.addproducttoshoppinglist/LV0000002341?t:ac=promos"],["addProductToBasket_37","forceAjax","/rayon.productgridorlist.productlist.thumbnailproduct.addproducttobasket/LV0000000152?t:ac=promos"],["addProductToShoppingList_37","forceAjax","/rayon.productgridorlist.productlist.thumbnailproduct.addproducttoshoppinglist/LV0000000152?t:ac=promos"],["addProductToBasket_38","forceAjax","/rayon.productgridorlist.productlist.thumbnailproduct.addproducttobasket/23572?t:ac=promos"],["addProductToShoppingList_38","forceAjax","/rayon.productgridorlist.productlist.thumbnailproduct.addproducttoshoppinglist/23572?t:ac=promos"],["addProductToBasket_39","forceAjax","/rayon.productgridorlist.productlist.thumbnailproduct.addproducttobasket/37726?t:ac=promos"],["addProductToShoppingList_39","forceAjax","/rayon.productgridorlist.productlist.thumbnailproduct.addproducttoshoppinglist/37726?t:ac=promos"],["addProductToBasket_40","forceAjax","/rayon.productgridorlist.productlist.thumbnailproduct.addproducttobasket/24520?t:ac=promos"],["addProductToShoppingList_40","forceAjax","/rayon.productgridorlist.productlist.thumbnailproduct.addproducttoshoppinglist/24520?t:ac=promos"],["addProductToBasket_41","forceAjax","/rayon.productgridorlist.productlist.thumbnailproduct.addproducttobasket/49950?t:ac=promos"],["addProductToShoppingList_41","forceAjax","/rayon.productgridorlist.productlist.thumbnailproduct.addproducttoshoppinglist/49950?t:ac=promos"],["addProductToBasket_42","forceAjax","/rayon.productgridorlist.productlist.thumbnailproduct.addproducttobasket/47461?t:ac=promos"],["addProductToShoppingList_42","forceAjax","/rayon.productgridorlist.productlist.thumbnailproduct.addproducttoshoppinglist/47461?t:ac=promos"],["addProductToBasket_43","forceAjax","/rayon.productgridorlist.productlist.thumbnailproduct.addproducttobasket/47454?t:ac=promos"],["addProductToShoppingList_43","forceAjax","/rayon.productgridorlist.productlist.thumbnailproduct.addproducttoshoppinglist/47454?t:ac=promos"],["addProductToBasket_44","forceAjax","/rayon.productgridorlist.productlist.thumbnailproduct.addproducttobasket/58819?t:ac=promos"],["addProductToShoppingList_44","forceAjax","/rayon.productgridorlist.productlist.thumbnailproduct.addproducttoshoppinglist/58819?t:ac=promos"],["addProductToBasket_45","forceAjax","/rayon.productgridorlist.productlist.thumbnailproduct.addproducttobasket/44045?t:ac=promos"],["addProductToShoppingList_45","forceAjax","/rayon.productgridorlist.productlist.thumbnailproduct.addproducttoshoppinglist/44045?t:ac=promos"],["addProductToBasket_46","forceAjax","/rayon.productgridorlist.productlist.thumbnailproduct.addproducttobasket/43929?t:ac=promos"],["addProductToShoppingList_46","forceAjax","/rayon.productgridorlist.productlist.thumbnailproduct.addproducttoshoppinglist/43929?t:ac=promos"],["addProductToBasket_47","forceAjax","/rayon.productgridorlist.productlist.thumbnailproduct.addproducttobasket/1647?t:ac=promos"],["addProductToShoppingList_47","forceAjax","/rayon.productgridorlist.productlist.thumbnailproduct.addproducttoshoppinglist/1647?t:ac=promos"],["addProductToBasket_48","forceAjax","/rayon.productgridorlist.productlist.thumbnailproduct.addproducttobasket/40826?t:ac=promos"],["addProductToShoppingList_48","forceAjax","/rayon.productgridorlist.productlist.thumbnailproduct.addproducttoshoppinglist/40826?t:ac=promos"],["addProductToBasket_49","forceAjax","/rayon.productgridorlist.productlist.thumbnailproduct.addproducttobasket/101029?t:ac=promos"],["addProductToShoppingList_49","forceAjax","/rayon.productgridorlist.productlist.thumbnailproduct.addproducttoshoppinglist/101029?t:ac=promos"],["addProductToBasket_50","forceAjax","/rayon.productgridorlist.productlist.thumbnailproduct.addproducttobasket/110672?t:ac=promos"],["addProductToShoppingList_50","forceAjax","/rayon.productgridorlist.productlist.thumbnailproduct.addproducttoshoppinglist/110672?t:ac=promos"],["addProductToBasket_51","forceAjax","/rayon.productgridorlist.productlist.thumbnailproduct.addproducttobasket/LV0000002012?t:ac=promos"],["addProductToShoppingList_51","forceAjax","/rayon.productgridorlist.productlist.thumbnailproduct.addproducttoshoppinglist/LV0000002012?t:ac=promos"],["addProductToBasket_52","forceAjax","/rayon.productgridorlist.productlist.thumbnailproduct.addproducttobasket/88920?t:ac=promos"],["addProductToShoppingList_52","forceAjax","/rayon.productgridorlist.productlist.thumbnailproduct.addproducttoshoppinglist/88920?t:ac=promos"],["addProductToBasket_53","forceAjax","/rayon.productgridorlist.productlist.thumbnailproduct.addproducttobasket/110684?t:ac=promos"],["addProductToShoppingList_53","forceAjax","/rayon.productgridorlist.productlist.thumbnailproduct.addproducttoshoppinglist/110684?t:ac=promos"],["addProductToBasket_54","forceAjax","/rayon.productgridorlist.productlist.thumbnailproduct.addproducttobasket/101712?t:ac=promos"],["addProductToShoppingList_54","forceAjax","/rayon.productgridorlist.productlist.thumbnailproduct.addproducttoshoppinglist/101712?t:ac=promos"],["addProductToBasket_55","forceAjax","/rayon.productgridorlist.productlist.thumbnailproduct.addproducttobasket/97045?t:ac=promos"],["addProductToShoppingList_55","forceAjax","/rayon.productgridorlist.productlist.thumbnailproduct.addproducttoshoppinglist/97045?t:ac=promos"],["addProductToBasket_56","forceAjax","/rayon.productgridorlist.productlist.thumbnailproduct.addproducttobasket/98127?t:ac=promos"],["addProductToShoppingList_56","forceAjax","/rayon.productgridorlist.productlist.thumbnailproduct.addproducttoshoppinglist/98127?t:ac=promos"],["addProductToBasket_57","forceAjax","/rayon.productgridorlist.productlist.thumbnailproduct.addproducttobasket/110346?t:ac=promos"],["addProductToShoppingList_57","forceAjax","/rayon.productgridorlist.productlist.thumbnailproduct.addproducttoshoppinglist/110346?t:ac=promos"],["addProductToBasket_58","forceAjax","/rayon.productgridorlist.productlist.thumbnailproduct.addproducttobasket/110345?t:ac=promos"],["addProductToShoppingList_58","forceAjax","/rayon.productgridorlist.productlist.thumbnailproduct.addproducttoshoppinglist/110345?t:ac=promos"],["addProductToBasket_59","forceAjax","/rayon.productgridorlist.productlist.thumbnailproduct.addproducttobasket/110347?t:ac=promos"],["addProductToShoppingList_59","forceAjax","/rayon.productgridorlist.productlist.thumbnailproduct.addproducttoshoppinglist/110347?t:ac=promos"],["addProductToBasket_60","forceAjax","/rayon.productgridorlist.productlist.thumbnailproduct.addproducttobasket/97733?t:ac=promos"],["addProductToShoppingList_60","forceAjax","/rayon.productgridorlist.productlist.thumbnailproduct.addproducttoshoppinglist/97733?t:ac=promos"],["addProductToBasket_61","forceAjax","/rayon.productgridorlist.productlist.thumbnailproduct.addproducttobasket/LV0000002365?t:ac=promos"],["addProductToShoppingList_61","forceAjax","/rayon.productgridorlist.productlist.thumbnailproduct.addproducttoshoppinglist/LV0000002365?t:ac=promos"],["addProductToBasket_62","forceAjax","/rayon.productgridorlist.productlist.thumbnailproduct.addproducttobasket/LV0000002367?t:ac=promos"],["addProductToShoppingList_62","forceAjax","/rayon.productgridorlist.productlist.thumbnailproduct.addproducttoshoppinglist/LV0000002367?t:ac=promos"],["addProductToBasket_63","forceAjax","/rayon.productgridorlist.productlist.thumbnailproduct.addproducttobasket/LV0000002363?t:ac=promos"],["addProductToShoppingList_63","forceAjax","/rayon.productgridorlist.productlist.thumbnailproduct.addproducttoshoppinglist/LV0000002363?t:ac=promos"],["addProductToBasket_64","forceAjax","/rayon.productgridorlist.productlist.thumbnailproduct.addproducttobasket/91609?t:ac=promos"],["addProductToShoppingList_64","forceAjax","/rayon.productgridorlist.productlist.thumbnailproduct.addproducttoshoppinglist/91609?t:ac=promos"],["addProductToBasket_65","forceAjax","/rayon.productgridorlist.productlist.thumbnailproduct.addproducttobasket/71860?t:ac=promos"],["addProductToShoppingList_65","forceAjax","/rayon.productgridorlist.productlist.thumbnailproduct.addproducttoshoppinglist/71860?t:ac=promos"],["addProductToBasket_66","forceAjax","/rayon.productgridorlist.productlist.thumbnailproduct.addproducttobasket/29318?t:ac=promos"],["addProductToShoppingList_66","forceAjax","/rayon.productgridorlist.productlist.thumbnailproduct.addproducttoshoppinglist/29318?t:ac=promos"],["addProductToBasket_67","forceAjax","/rayon.productgridorlist.productlist.thumbnailproduct.addproducttobasket/61042?t:ac=promos"],["addProductToShoppingList_67","forceAjax","/rayon.productgridorlist.productlist.thumbnailproduct.addproducttoshoppinglist/61042?t:ac=promos"],["addProductToBasket_68","forceAjax","/rayon.productgridorlist.productlist.thumbnailproduct.addproducttobasket/101013?t:ac=promos"],["addProductToShoppingList_68","forceAjax","/rayon.productgridorlist.productlist.thumbnailproduct.addproducttoshoppinglist/101013?t:ac=promos"],["addProductToBasket_69","forceAjax","/rayon.productgridorlist.productlist.thumbnailproduct.addproducttobasket/LV0000002059?t:ac=promos"],["addProductToShoppingList_69","forceAjax","/rayon.productgridorlist.productlist.thumbnailproduct.addproducttoshoppinglist/LV0000002059?t:ac=promos"],["addProductToBasket_70","forceAjax","/rayon.productgridorlist.productlist.thumbnailproduct.addproducttobasket/LV0000002060?t:ac=promos"],["addProductToShoppingList_70","forceAjax","/rayon.productgridorlist.productlist.thumbnailproduct.addproducttoshoppinglist/LV0000002060?t:ac=promos"],["addProductToBasket_71","forceAjax","/rayon.productgridorlist.productlist.thumbnailproduct.addproducttobasket/LV0000000169?t:ac=promos"],["addProductToShoppingList_71","forceAjax","/rayon.productgridorlist.productlist.thumbnailproduct.addproducttoshoppinglist/LV0000000169?t:ac=promos"],["addProductToBasket_72","forceAjax","/rayon.productgridorlist.productlist.thumbnailproduct.addproducttobasket/59983?t:ac=promos"],["addProductToShoppingList_72","forceAjax","/rayon.productgridorlist.productlist.thumbnailproduct.addproducttoshoppinglist/59983?t:ac=promos"],["addProductToBasket_73","forceAjax","/rayon.productgridorlist.productlist.thumbnailproduct.addproducttobasket/LV0000002359?t:ac=promos"],["addProductToShoppingList_73","forceAjax","/rayon.productgridorlist.productlist.thumbnailproduct.addproducttoshoppinglist/LV0000002359?t:ac=promos"],["addProductToBasket_74","forceAjax","/rayon.productgridorlist.productlist.thumbnailproduct.addproducttobasket/111644?t:ac=promos"],["addProductToShoppingList_74","forceAjax","/rayon.productgridorlist.productlist.thumbnailproduct.addproducttoshoppinglist/111644?t:ac=promos"],["addProductToBasket_75","forceAjax","/rayon.productgridorlist.productlist.thumbnailproduct.addproducttobasket/111622?t:ac=promos"],["addProductToShoppingList_75","forceAjax","/rayon.productgridorlist.productlist.thumbnailproduct.addproducttoshoppinglist/111622?t:ac=promos"],["addProductToBasket_76","forceAjax","/rayon.productgridorlist.productlist.thumbnailproduct.addproducttobasket/100899?t:ac=promos"],["addProductToShoppingList_76","forceAjax","/rayon.productgridorlist.productlist.thumbnailproduct.addproducttoshoppinglist/100899?t:ac=promos"],["addProductToBasket_77","forceAjax","/rayon.productgridorlist.productlist.thumbnailproduct.addproducttobasket/LV0000002362?t:ac=promos"],["addProductToShoppingList_77","forceAjax","/rayon.productgridorlist.productlist.thumbnailproduct.addproducttoshoppinglist/LV0000002362?t:ac=promos"],["addProductToBasket_78","forceAjax","/rayon.productgridorlist.productlist.thumbnailproduct.addproducttobasket/111623?t:ac=promos"],["addProductToShoppingList_78","forceAjax","/rayon.productgridorlist.productlist.thumbnailproduct.addproducttoshoppinglist/111623?t:ac=promos"],["addProductToBasket_79","forceAjax","/rayon.productgridorlist.productlist.thumbnailproduct.addproducttobasket/111627?t:ac=promos"],["addProductToShoppingList_79","forceAjax","/rayon.productgridorlist.productlist.thumbnailproduct.addproducttoshoppinglist/111627?t:ac=promos"],["addProductToBasket_80","forceAjax","/rayon.productgridorlist.productlist.thumbnailproduct.addproducttobasket/111641?t:ac=promos"],["addProductToShoppingList_80","forceAjax","/rayon.productgridorlist.productlist.thumbnailproduct.addproducttoshoppinglist/111641?t:ac=promos"],["addProductToBasket_81","forceAjax","/rayon.productgridorlist.productlist.thumbnailproduct.addproducttobasket/111642?t:ac=promos"],["addProductToShoppingList_81","forceAjax","/rayon.productgridorlist.productlist.thumbnailproduct.addproducttoshoppinglist/111642?t:ac=promos"],["addProductToBasket_82","forceAjax","/rayon.productgridorlist.productlist.thumbnailproduct.addproducttobasket/LV0000002439?t:ac=promos"],["addProductToShoppingList_82","forceAjax","/rayon.productgridorlist.productlist.thumbnailproduct.addproducttoshoppinglist/LV0000002439?t:ac=promos"],["addProductToBasket_83","forceAjax","/rayon.productgridorlist.productlist.thumbnailproduct.addproducttobasket/111628?t:ac=promos"],["addProductToShoppingList_83","forceAjax","/rayon.productgridorlist.productlist.thumbnailproduct.addproducttoshoppinglist/111628?t:ac=promos"],["addProductToBasket_84","forceAjax","/rayon.productgridorlist.productlist.thumbnailproduct.addproducttobasket/58583?t:ac=promos"],["addProductToShoppingList_84","forceAjax","/rayon.productgridorlist.productlist.thumbnailproduct.addproducttoshoppinglist/58583?t:ac=promos"],["addProductToBasket_85","forceAjax","/rayon.productgridorlist.productlist.thumbnailproduct.addproducttobasket/99427?t:ac=promos"],["addProductToShoppingList_85","forceAjax","/rayon.productgridorlist.productlist.thumbnailproduct.addproducttoshoppinglist/99427?t:ac=promos"],["addProductToBasket_86","forceAjax","/rayon.productgridorlist.productlist.thumbnailproduct.addproducttobasket/99428?t:ac=promos"],["addProductToShoppingList_86","forceAjax","/rayon.productgridorlist.productlist.thumbnailproduct.addproducttoshoppinglist/99428?t:ac=promos"],["addProductToBasket_87","forceAjax","/rayon.productgridorlist.productlist.thumbnailproduct.addproducttobasket/100823?t:ac=promos"],["addProductToShoppingList_87","forceAjax","/rayon.productgridorlist.productlist.thumbnailproduct.addproducttoshoppinglist/100823?t:ac=promos"],["addProductToBasket_88","forceAjax","/rayon.productgridorlist.productlist.thumbnailproduct.addproducttobasket/111624?t:ac=promos"],["addProductToShoppingList_88","forceAjax","/rayon.productgridorlist.productlist.thumbnailproduct.addproducttoshoppinglist/111624?t:ac=promos"],["addProductToBasket_89","forceAjax","/rayon.productgridorlist.productlist.thumbnailproduct.addproducttobasket/111645?t:ac=promos"],["addProductToShoppingList_89","forceAjax","/rayon.productgridorlist.productlist.thumbnailproduct.addproducttoshoppinglist/111645?t:ac=promos"],["addProductToBasket_90","forceAjax","/rayon.productgridorlist.productlist.thumbnailproduct.addproducttobasket/103727?t:ac=promos"],["addProductToShoppingList_90","forceAjax","/rayon.productgridorlist.productlist.thumbnailproduct.addproducttoshoppinglist/103727?t:ac=promos"],["addProductToBasket_91","forceAjax","/rayon.productgridorlist.productlist.thumbnailproduct.addproducttobasket/4592?t:ac=promos"],["addProductToShoppingList_91","forceAjax","/rayon.productgridorlist.productlist.thumbnailproduct.addproducttoshoppinglist/4592?t:ac=promos"],["addProductToBasket_92","forceAjax","/rayon.productgridorlist.productlist.thumbnailproduct.addproducttobasket/111646?t:ac=promos"],["addProductToShoppingList_92","forceAjax","/rayon.productgridorlist.productlist.thumbnailproduct.addproducttoshoppinglist/111646?t:ac=promos"],["addProductToBasket_93","forceAjax","/rayon.productgridorlist.productlist.thumbnailproduct.addproducttobasket/LV0000002431?t:ac=promos"],["addProductToShoppingList_93","forceAjax","/rayon.productgridorlist.productlist.thumbnailproduct.addproducttoshoppinglist/LV0000002431?t:ac=promos"],["addProductToBasket_94","forceAjax","/rayon.productgridorlist.productlist.thumbnailproduct.addproducttobasket/28720?t:ac=promos"],["addProductToShoppingList_94","forceAjax","/rayon.productgridorlist.productlist.thumbnailproduct.addproducttoshoppinglist/28720?t:ac=promos"],["addProductToBasket_95","forceAjax","/rayon.productgridorlist.productlist.thumbnailproduct.addproducttobasket/LV0000002437?t:ac=promos"],["addProductToShoppingList_95","forceAjax","/rayon.productgridorlist.productlist.thumbnailproduct.addproducttoshoppinglist/LV0000002437?t:ac=promos"],["addProductToBasket_96","forceAjax","/rayon.productgridorlist.productlist.thumbnailproduct.addproducttobasket/LV0000002426?t:ac=promos"],["addProductToShoppingList_96","forceAjax","/rayon.productgridorlist.productlist.thumbnailproduct.addproducttoshoppinglist/LV0000002426?t:ac=promos"],["addProductToBasket_97","forceAjax","/rayon.productgridorlist.productlist.thumbnailproduct.addproducttobasket/LV0000002429?t:ac=promos"],["addProductToShoppingList_97","forceAjax","/rayon.productgridorlist.productlist.thumbnailproduct.addproducttoshoppinglist/LV0000002429?t:ac=promos"],["addProductToBasket_98","forceAjax","/rayon.productgridorlist.productlist.thumbnailproduct.addproducttobasket/LV0000002425?t:ac=promos"],["addProductToShoppingList_98","forceAjax","/rayon.productgridorlist.productlist.thumbnailproduct.addproducttoshoppinglist/LV0000002425?t:ac=promos"],["addProductToBasket_99","forceAjax","/rayon.productgridorlist.productlist.thumbnailproduct.addproducttobasket/LV0000002424?t:ac=promos"],["addProductToShoppingList_99","forceAjax","/rayon.productgridorlist.productlist.thumbnailproduct.addproducttoshoppinglist/LV0000002424?t:ac=promos"],["addProductToBasket_100","forceAjax","/rayon.productgridorlist.productlist.thumbnailproduct.addproducttobasket/LV0000002430?t:ac=promos"],["addProductToShoppingList_100","forceAjax","/rayon.productgridorlist.productlist.thumbnailproduct.addproducttoshoppinglist/LV0000002430?t:ac=promos"],["addProductToBasket_101","forceAjax","/rayon.productgridorlist.productlist.thumbnailproduct.addproducttobasket/60715?t:ac=promos"],["addProductToShoppingList_101","forceAjax","/rayon.productgridorlist.productlist.thumbnailproduct.addproducttoshoppinglist/60715?t:ac=promos"],["addProductToBasket_102","forceAjax","/rayon.productgridorlist.productlist.thumbnailproduct.addproducttobasket/92658?t:ac=promos"],["addProductToShoppingList_102","forceAjax","/rayon.productgridorlist.productlist.thumbnailproduct.addproducttoshoppinglist/92658?t:ac=promos"],["addProductToBasket_103","forceAjax","/rayon.productgridorlist.productlist.thumbnailproduct.addproducttobasket/49901?t:ac=promos"],["addProductToShoppingList_103","forceAjax","/rayon.productgridorlist.productlist.thumbnailproduct.addproducttoshoppinglist/49901?t:ac=promos"],["addProductToBasket_104","forceAjax","/rayon.productgridorlist.productlist.thumbnailproduct.addproducttobasket/61592?t:ac=promos"],["addProductToShoppingList_104","forceAjax","/rayon.productgridorlist.productlist.thumbnailproduct.addproducttoshoppinglist/61592?t:ac=promos"],["addProductToBasket_105","forceAjax","/rayon.productgridorlist.productlist.thumbnailproduct.addproducttobasket/61208?t:ac=promos"],["addProductToShoppingList_105","forceAjax","/rayon.productgridorlist.productlist.thumbnailproduct.addproducttoshoppinglist/61208?t:ac=promos"],["addProductToBasket_106","forceAjax","/rayon.productgridorlist.productlist.thumbnailproduct.addproducttobasket/61209?t:ac=promos"],["addProductToShoppingList_106","forceAjax","/rayon.productgridorlist.productlist.thumbnailproduct.addproducttoshoppinglist/61209?t:ac=promos"],["addProductToBasket_107","forceAjax","/rayon.productgridorlist.productlist.thumbnailproduct.addproducttobasket/61210?t:ac=promos"],["addProductToShoppingList_107","forceAjax","/rayon.productgridorlist.productlist.thumbnailproduct.addproducttoshoppinglist/61210?t:ac=promos"],["addProductToBasket_108","forceAjax","/rayon.productgridorlist.productlist.thumbnailproduct.addproducttobasket/LV0000002368?t:ac=promos"],["addProductToShoppingList_108","forceAjax","/rayon.productgridorlist.productlist.thumbnailproduct.addproducttoshoppinglist/LV0000002368?t:ac=promos"],["addProductToBasket_109","forceAjax","/rayon.productgridorlist.productlist.thumbnailproduct.addproducttobasket/LV0000002372?t:ac=promos"],["addProductToShoppingList_109","forceAjax","/rayon.productgridorlist.productlist.thumbnailproduct.addproducttoshoppinglist/LV0000002372?t:ac=promos"],["addProductToBasket_110","forceAjax","/rayon.productgridorlist.productlist.thumbnailproduct.addproducttobasket/LV0000002374?t:ac=promos"],["addProductToShoppingList_110","forceAjax","/rayon.productgridorlist.productlist.thumbnailproduct.addproducttoshoppinglist/LV0000002374?t:ac=promos"],["addProductToBasket_111","forceAjax","/rayon.productgridorlist.productlist.thumbnailproduct.addproducttobasket/LV0000002369?t:ac=promos"],["addProductToShoppingList_111","forceAjax","/rayon.productgridorlist.productlist.thumbnailproduct.addproducttoshoppinglist/LV0000002369?t:ac=promos"],["addProductToBasket_112","forceAjax","/rayon.productgridorlist.productlist.thumbnailproduct.addproducttobasket/LV0000002370?t:ac=promos"],["addProductToShoppingList_112","forceAjax","/rayon.productgridorlist.productlist.thumbnailproduct.addproducttoshoppinglist/LV0000002370?t:ac=promos"],["addProductToBasket_113","forceAjax","/rayon.productgridorlist.productlist.thumbnailproduct.addproducttobasket/37100?t:ac=promos"],["addProductToShoppingList_113","forceAjax","/rayon.productgridorlist.productlist.thumbnailproduct.addproducttoshoppinglist/37100?t:ac=promos"],["addProductToBasket_114","forceAjax","/rayon.productgridorlist.productlist.thumbnailproduct.addproducttobasket/61726?t:ac=promos"],["addProductToShoppingList_114","forceAjax","/rayon.productgridorlist.productlist.thumbnailproduct.addproducttoshoppinglist/61726?t:ac=promos"],["addProductToBasket_115","forceAjax","/rayon.productgridorlist.productlist.thumbnailproduct.addproducttobasket/36327?t:ac=promos"],["addProductToShoppingList_115","forceAjax","/rayon.productgridorlist.productlist.thumbnailproduct.addproducttoshoppinglist/36327?t:ac=promos"],["addProductToBasket_116","forceAjax","/rayon.productgridorlist.productlist.thumbnailproduct.addproducttobasket/100270?t:ac=promos"],["addProductToShoppingList_116","forceAjax","/rayon.productgridorlist.productlist.thumbnailproduct.addproducttoshoppinglist/100270?t:ac=promos"],["addProductToBasket_117","forceAjax","/rayon.productgridorlist.productlist.thumbnailproduct.addproducttobasket/111333?t:ac=promos"],["addProductToShoppingList_117","forceAjax","/rayon.productgridorlist.productlist.thumbnailproduct.addproducttoshoppinglist/111333?t:ac=promos"],["addProductToBasket_118","forceAjax","/rayon.productgridorlist.productlist.thumbnailproduct.addproducttobasket/75203?t:ac=promos"],["addProductToShoppingList_118","forceAjax","/rayon.productgridorlist.productlist.thumbnailproduct.addproducttoshoppinglist/75203?t:ac=promos"],["addProductToBasket_119","forceAjax","/rayon.productgridorlist.productlist.thumbnailproduct.addproducttobasket/70419?t:ac=promos"],["addProductToShoppingList_119","forceAjax","/rayon.productgridorlist.productlist.thumbnailproduct.addproducttoshoppinglist/70419?t:ac=promos"],["addProductToBasket_120","forceAjax","/rayon.productgridorlist.productlist.thumbnailproduct.addproducttobasket/42282?t:ac=promos"],["addProductToShoppingList_120","forceAjax","/rayon.productgridorlist.productlist.thumbnailproduct.addproducttoshoppinglist/42282?t:ac=promos"],["addProductToBasket_121","forceAjax","/rayon.productgridorlist.productlist.thumbnailproduct.addproducttobasket/18790?t:ac=promos"],["addProductToShoppingList_121","forceAjax","/rayon.productgridorlist.productlist.thumbnailproduct.addproducttoshoppinglist/18790?t:ac=promos"],["addProductToBasket_122","forceAjax","/rayon.productgridorlist.productlist.thumbnailproduct.addproducttobasket/18793?t:ac=promos"],["addProductToShoppingList_122","forceAjax","/rayon.productgridorlist.productlist.thumbnailproduct.addproducttoshoppinglist/18793?t:ac=promos"],["addProductToBasket_123","forceAjax","/rayon.productgridorlist.productlist.thumbnailproduct.addproducttobasket/18792?t:ac=promos"],["addProductToShoppingList_123","forceAjax","/rayon.productgridorlist.productlist.thumbnailproduct.addproducttoshoppinglist/18792?t:ac=promos"],["addProductToBasket_124","forceAjax","/rayon.productgridorlist.productlist.thumbnailproduct.addproducttobasket/57767?t:ac=promos"],["addProductToShoppingList_124","forceAjax","/rayon.productgridorlist.productlist.thumbnailproduct.addproducttoshoppinglist/57767?t:ac=promos"],["addProductToBasket_125","forceAjax","/rayon.productgridorlist.productlist.thumbnailproduct.addproducttobasket/57761?t:ac=promos"],["addProductToShoppingList_125","forceAjax","/rayon.productgridorlist.productlist.thumbnailproduct.addproducttoshoppinglist/57761?t:ac=promos"],["addProductToBasket_126","forceAjax","/rayon.productgridorlist.productlist.thumbnailproduct.addproducttobasket/57770?t:ac=promos"],["addProductToShoppingList_126","forceAjax","/rayon.productgridorlist.productlist.thumbnailproduct.addproducttoshoppinglist/57770?t:ac=promos"],["addProductToBasket_127","forceAjax","/rayon.productgridorlist.productlist.thumbnailproduct.addproducttobasket/57771?t:ac=promos"],["addProductToShoppingList_127","forceAjax","/rayon.productgridorlist.productlist.thumbnailproduct.addproducttoshoppinglist/57771?t:ac=promos"],["addProductToBasket_128","forceAjax","/rayon.productgridorlist.productlist.thumbnailproduct.addproducttobasket/57744?t:ac=promos"],["addProductToShoppingList_128","forceAjax","/rayon.productgridorlist.productlist.thumbnailproduct.addproducttoshoppinglist/57744?t:ac=promos"],["addProductToBasket_129","forceAjax","/rayon.productgridorlist.productlist.thumbnailproduct.addproducttobasket/57759?t:ac=promos"],["addProductToShoppingList_129","forceAjax","/rayon.productgridorlist.productlist.thumbnailproduct.addproducttoshoppinglist/57759?t:ac=promos"],["addProductToBasket_130","forceAjax","/rayon.productgridorlist.productlist.thumbnailproduct.addproducttobasket/57780?t:ac=promos"],["addProductToShoppingList_130","forceAjax","/rayon.productgridorlist.productlist.thumbnailproduct.addproducttoshoppinglist/57780?t:ac=promos"],["addProductToBasket_131","forceAjax","/rayon.productgridorlist.productlist.thumbnailproduct.addproducttobasket/57784?t:ac=promos"],["addProductToShoppingList_131","forceAjax","/rayon.productgridorlist.productlist.thumbnailproduct.addproducttoshoppinglist/57784?t:ac=promos"],["addProductToBasket_132","forceAjax","/rayon.productgridorlist.productlist.thumbnailproduct.addproducttobasket/61339?t:ac=promos"],["addProductToShoppingList_132","forceAjax","/rayon.productgridorlist.productlist.thumbnailproduct.addproducttoshoppinglist/61339?t:ac=promos"],["addProductToBasket_133","forceAjax","/rayon.productgridorlist.productlist.thumbnailproduct.addproducttobasket/57727?t:ac=promos"],["addProductToShoppingList_133","forceAjax","/rayon.productgridorlist.productlist.thumbnailproduct.addproducttoshoppinglist/57727?t:ac=promos"],["addProductToBasket_134","forceAjax","/rayon.productgridorlist.productlist.thumbnailproduct.addproducttobasket/57717?t:ac=promos"],["addProductToShoppingList_134","forceAjax","/rayon.productgridorlist.productlist.thumbnailproduct.addproducttoshoppinglist/57717?t:ac=promos"],["addProductToBasket_135","forceAjax","/rayon.productgridorlist.productlist.thumbnailproduct.addproducttobasket/18847?t:ac=promos"],["addProductToShoppingList_135","forceAjax","/rayon.productgridorlist.productlist.thumbnailproduct.addproducttoshoppinglist/18847?t:ac=promos"],["addProductToBasket_136","forceAjax","/rayon.productgridorlist.productlist.thumbnailproduct.addproducttobasket/18852?t:ac=promos"],["addProductToShoppingList_136","forceAjax","/rayon.productgridorlist.productlist.thumbnailproduct.addproducttoshoppinglist/18852?t:ac=promos"],["addProductToBasket_137","forceAjax","/rayon.productgridorlist.productlist.thumbnailproduct.addproducttobasket/60873?t:ac=promos"],["addProductToShoppingList_137","forceAjax","/rayon.productgridorlist.productlist.thumbnailproduct.addproducttoshoppinglist/60873?t:ac=promos"],["addProductToBasket_138","forceAjax","/rayon.productgridorlist.productlist.thumbnailproduct.addproducttobasket/24113?t:ac=promos"],["addProductToShoppingList_138","forceAjax","/rayon.productgridorlist.productlist.thumbnailproduct.addproducttoshoppinglist/24113?t:ac=promos"],["addProductToBasket_139","forceAjax","/rayon.productgridorlist.productlist.thumbnailproduct.addproducttobasket/24112?t:ac=promos"],["addProductToShoppingList_139","forceAjax","/rayon.productgridorlist.productlist.thumbnailproduct.addproducttoshoppinglist/24112?t:ac=promos"],["addProductToBasket_140","forceAjax","/rayon.productgridorlist.productlist.thumbnailproduct.addproducttobasket/50025?t:ac=promos"],["addProductToShoppingList_140","forceAjax","/rayon.productgridorlist.productlist.thumbnailproduct.addproducttoshoppinglist/50025?t:ac=promos"],["addProductToBasket_141","forceAjax","/rayon.productgridorlist.productlist.thumbnailproduct.addproducttobasket/50020?t:ac=promos"],["addProductToShoppingList_141","forceAjax","/rayon.productgridorlist.productlist.thumbnailproduct.addproducttoshoppinglist/50020?t:ac=promos"],["addProductToBasket_142","forceAjax","/rayon.productgridorlist.productlist.thumbnailproduct.addproducttobasket/50022?t:ac=promos"],["addProductToShoppingList_142","forceAjax","/rayon.productgridorlist.productlist.thumbnailproduct.addproducttoshoppinglist/50022?t:ac=promos"],["addProductToBasket_143","forceAjax","/rayon.productgridorlist.productlist.thumbnailproduct.addproducttobasket/102368?t:ac=promos"],["addProductToShoppingList_143","forceAjax","/rayon.productgridorlist.productlist.thumbnailproduct.addproducttoshoppinglist/102368?t:ac=promos"],["suggestionPopup","forceAjax","/rayon.suggestionpopup?t:ac=promos"],["eventlink","forceAjax","/rayon.customerinfos:showsigninpopup?t:ac=promos"],["registerPopup","forceAjax","/rayon.customerinfos.registerpopup?t:ac=promos"],["popupAuth","forceAjax","/rayon.customerinfos.popupauth?t:ac=promos"],["showSlotTab","forceAjax","/rayon.customerinfos.slotinfo.showslottab?t:ac=promos"],["basket","forceAjax","/rayon.customerinfos.basket?t:ac=promos"],["lists","forceAjax","/rayon.customerinfos.lists?t:ac=promos"],["topBasket","forceAjax","/rayon.customerinfos.topbasket?t:ac=promos"],["validateBasket","forceAjax","/rayon.customerinfos.minibasket.validatebasket?t:ac=promos"],["closeButtonHk","forceAjax","/rayon.pagetemplate.fancycloseprovidergabarit.closebuttonhk?t:ac=promos"]],"zone":[{"update":"show","element":"dynamicCssArea"},{"update":"show","element":"headerListZone"},{"update":"show","element":"productDisplayTypeZone"},{"update":"show","element":"labelZone"},{"update":"show","element":"moreProductListZone"},{"update":"show","element":"productListZone"},{"update":"show","element":"slotInfoZone"},{"update":"show","element":"accountSummaryTabContentZone"},{"update":"show","element":"completeMiniBasketZone"},{"update":"show","element":"miniBasket"},{"update":"show","element":"popupZone"},{"update":"show","element":"secondPopupZone"},{"update":"show","element":"closePopupZone"},"forceAjax"]});
});
</script></body></html>