<!DOCTYPE html PUBLIC "-//W3C//DTD XHTML 1.0 Strict//EN" "http://www.w3.org/TR/xhtml1/DTD/xhtml1-strict.dtd"><html xmlns="http://www.w3.org/1999/xhtml"><head><meta content="text/html; charset=utf-8" http-equiv="content-type"></meta><title>Vente NEWS en ligne - Auchandirect.fr</title><!-- correction d'un bug de compatibilité tapestry/IE9 --><meta content="IE=EmulateIE8" http-equiv="X-UA-Compatible"></meta><meta content="Faites vos courses en ligne sur Auchandirect.fr! NEWS en livraison 24h dans les régions de Paris, Lyon, Marseille, Toulouse et Lille." name="description"></meta><meta content="index, follow" name="robots"></meta><meta content="0" http-equiv="expires"></meta><meta content="no-cache" http-equiv="pragma"></meta><meta content="no-store, no-cache, must-revalidate" http-equiv="cache-control"></meta><link href="http://www.auchandirect.fr/static/css/styles.css" rel="stylesheet" type="text/css"></link><link href="http://www.auchandirect.fr/static/css/style-new.css" rel="stylesheet" type="text/css"></link><link href="http://www.auchandirect.fr/static/css/rayon.css" rel="stylesheet" type="text/css"></link><div class="t-zone" id="dynamicCssArea"></div><!--[if IE]><link media="all" type="text/css" href="/static/css/style-ie.css" rel="stylesheet"></link><![endif]--><link media="screen" href="http://www.auchandirect.fr/static/fancybox/jquery.fancybox-1.3.4.css" type="text/css" rel="stylesheet"></link><script src="http://www.auchandirect.fr/assets/scriptaculous/5.1.0.5/prototype.js" type="text/javascript"></script><script src="http://www.auchandirect.fr/assets/scriptaculous/5.1.0.5/scriptaculous.js" type="text/javascript"></script><script src="http://www.auchandirect.fr/assets/scriptaculous/5.1.0.5/effects.js" type="text/javascript"></script><script src="http://www.auchandirect.fr/assets/tapestry/5.1.0.5/tapestry.js" type="text/javascript"></script><script src="http://www.auchandirect.fr/assets/tapestry/5.1.0.5/tapestry-messages.js" type="text/javascript"></script><script src="http://www.auchandirect.fr/assets/ctx/296dafb4649acaf9/static/scripts/tapestry-patch.js" type="text/javascript"></script><script src="http://www.auchandirect.fr/assets/ctx/296dafb4649acaf9/static/scripts/ZoneUpdater.js" type="text/javascript"></script><script language="javascript" type="text/javascript">
// Déclaration en amont du système de binding d'event
function bindEvent(el, eventName, eventHandler) {
if (el.addEventListener){
el.addEventListener(eventName, eventHandler, false);
} else if (el.attachEvent){
el.attachEvent('on'+eventName, eventHandler);
}
}
</script><script src="http://www.auchandirect.fr/assets/ctx/296dafb4649acaf9/static/scripts/tapestry.piefix.js" type="text/javascript"></script><script type="text/javascript" language="javascript">
bindEvent(window,"load",function(){
var j = jQuery.noConflict();
j(function() {
j("#foo2").carouFredSel({
circular: true,
infinite: false,
auto : true,
scroll : {
items : "page"
},
prev : {
button : "#foo2_prev",
key : "left"
},
next : {
button : "#foo2_next",
key : "right"
},
pagination : "#foo2_pag"
});
if($(".caroufredsel_wrapper")!=null)
$(".caroufredsel_wrapper").css({
'height': '246px'
});
if($(".page_famille_carrousel")!=null)
$(".page_famille_carrousel").css({
'overflow': 'hidden'
});
});
})
</script></head><body style="background : url('https://www.auchandirect.fr/static/MOISANNIV1.jpg') no-repeat;
background-position : top center;
"><div class="fiche-produit" id="page"><div id="tetiere"><div id="logo"><!-- HEADER_LOGO --><div id="logo">
<a href="index.html" title="accueil"><img src="http://www.auchandirect.fr/static/auchan_logo.jpg" alt="Accueil" width="365" height="105" /></a>
</div>
</div><div id="pub"><?xml version="1.0" encoding="UTF-8"?><a  href="commander/identification.pagetemplate.fancycloseprovidergabarit.closebuttonhk.html"  title="Inscrivez-vous et bénéficiez de la 1ere livraison offerte avec le code BIENVENUE dès 120€ d'achats"><img src="http://www.auchandirect.fr/img/display/000/000/530/5301.jpg" /></a>
</div><!-- HEADER_HAUT_DROIT --><div id="newsletter"><h3>Newsletter </h3><a id="newsLetterPopup" onclick="javascript:Tapestry.waitForPage(event);" href="rayon.pagetemplate.header.headertop.newsletterpopup%3Ft:ac=nouveautes.html">Inscrivez-vous vite !</a></div></div><div id="menu-top"><div id="menu-promos"><ul class="menu menu-horizontal"><li><a title="promos" class="menu-top-promos" href="rayon.pagetemplate.fancycloseprovidergabarit.closebuttonhk%3Ft:ac=promos.html">Promotions</a></li><li><a title="nouveautes" class="menu-top-nouveautes" href="nouveaut%25C3%25A9s/id0/nouveautes.html">Nouveautés</a></li></ul></div><div id="bloc-recherche"><form onsubmit="javascript:Tapestry.waitForPage(event);" action="http://www.auchandirect.fr/rayon.pagetemplate.header.headermenutop.searchform" method="post" id="searchForm" name="searchForm"><div class="t-invisible"><input value="nouveautes" name="t:ac" type="hidden"></input><input value="H4sIAAAAAAAAAJ2QoU4DQRBAp03A1JHwB2C3CGrAUAGqIaQXPmBub7jbZndn2Z2D1mD4DwyW8BMVOP6hhmCQoBBce3UkJEVNMsnMe3lPH7B1ewBqjDP2RwFLEnLBopCqCAuK6+HI18JBJcKoqxRhwLFUGFBXpAQDJYmzgdIcyZpc5ZhIDfNmiVrODNliLyOpw/7lvLfYffnuQmcEPc1eIttzdCSwM5rgDfYt+rKfSTS+PJ4Gge2W+C/H4aaOF5E1pZTVuTMpGfbz5+Lw6uvhtQswDRs5LF9I43Dyp4NmF9iTl6RWUPmt8LYYf96fPr63ychSg5Blsmu4g06baHX6A/6kTBjLAQAA" name="t:formdata" type="hidden"></input></div><div><input title="recherche" class="texte-recherche" value="Rechercher" id="search" name="search" type="text"></input><img id="search-icon" class="t-error-icon t-invisible" alt="" src="http://www.auchandirect.fr/assets/tapestry/5.1.0.5/spacer.gif"/><input value="OK" class="recherche-submit" name="submit" type="submit"></input></div></form></div></div><div id="menu" class="float-container"><ul id="menu-principal" class="menu menu-horizontal"><li><a class="first" title="RR1002" href="rayon.pagetemplate.fancycloseprovidergabarit.closebuttonhk%3Ft:ac=nouveautes.html#">Marché</a><div class="hovered_big_menu" id="4042"><div class="menu-panel"><div class="menu-listes-container float-container"><div class="menu-listes"><ul class="menu menu-horizontal menu_left"><li><h3><a title="RR2007" rel="page-461" href="sousfamille.pagetemplate.fancycloseprovidergabarit.closebuttonhk%3Ft:ac=404%252F461.html">Fruits</a></h3><ul class="menu"><li><a href="march%25C3%25A9/fruits/jus-de-fruits-frais/id0/100371.html">Jus de Fruits frais</a></li><li><a href="march%25C3%25A9/fruits/fruits-de-saison/id0/592.html">Fruits de saison </a></li><li><a href="march%25C3%25A9/fruits/agrumes/id0/444663.html">Agrumes</a></li><li><a href="march%25C3%25A9/fruits/pommes,-poires/id0/593.html">Pommes, Poires</a></li><li><a href="march%25C3%25A9/fruits/bananes,-fruits-exotiques/id0/589.html">Bananes, Fruits exotiques</a></li><li><a href="march%25C3%25A9/fruits/fruits-%25C3%25A0-noyau,-raisins/id0/596.html">Fruits à Noyau, Raisins</a></li><li><a href="march%25C3%25A9/fruits/fruits-rouges/id0/590.html">Fruits rouges</a></li><li><a href="march%25C3%25A9/fruits/melons,-past%25C3%25A8ques/id0/594.html">Melons, Pastèques</a></li><li><a href="march%25C3%25A9/fruits/fruits-secs-et-pr%25C3%25AAts-%25C3%25A0-l'emploi/id0/595.html">Fruits Secs et Prêts à l'Emploi</a></li></ul></li><li><h3><a title="RR2006" rel="page-463" href="id3/404/463.html">Légumes</a></h3><ul class="menu"><li><a href="march%25C3%25A9/l%25C3%25A9gumes/l%25C3%25A9gumes-de-saison/id0/431975.html">Légumes de saison</a></li><li><a href="march%25C3%25A9/l%25C3%25A9gumes/carottes,-poireaux,-navets,-potirons,-choux/id0/580.html">Carottes, Poireaux, Navets, Potirons, Choux</a></li><li><a href="march%25C3%25A9/l%25C3%25A9gumes/pommes-de-terre/id0/584.html">Pommes de Terre</a></li><li><a href="march%25C3%25A9/l%25C3%25A9gumes/salades,-endives,-herbes-aromatiques/id0/585.html">Salades, Endives, Herbes aromatiques</a></li><li><a href="march%25C3%25A9/l%25C3%25A9gumes/avocats,-concombres,-radis,-celeris/id0/581.html">Avocats, Concombres, Radis, Celeris</a></li><li><a href="march%25C3%25A9/l%25C3%25A9gumes/tomates/id0/82017.html">Tomates</a></li><li><a href="march%25C3%25A9/l%25C3%25A9gumes/aubergines,-courgettes,-poivrons/id0/583.html">Aubergines, Courgettes, Poivrons</a></li><li><a href="march%25C3%25A9/l%25C3%25A9gumes/l%25C3%25A9gumes-verts,-asperges,-champignons/id0/579.html">Légumes verts, Asperges, Champignons</a></li><li><a href="march%25C3%25A9/l%25C3%25A9gumes/ails,-oignons,-echalotes/id0/587.html">Ails, Oignons, Echalotes</a></li><li><a href="march%25C3%25A9/l%25C3%25A9gumes/soupes-fra%25C3%25AEches,-pr%25C3%25AAts-%25C3%25A0-l'emploi,-l%25C3%25A9gumes-secs/id0/588.html">Soupes Fraîches, Prêts à l'emploi, Légumes secs</a></li></ul></li><li><h3><a title="RR2009" rel="page-460" href="id3/404/460.html">Boucherie - Volaille</a></h3><ul class="menu"><li><a href="march%25C3%25A9/boucherie---volaille/les-pi%25C3%25A8ces-du-boucher/id0/431977.html">Les pièces du Boucher</a></li><li><a href="march%25C3%25A9/boucherie---volaille/b%25C5%2593uf/id0/601.html">Bœuf</a></li><li><a href="march%25C3%25A9/boucherie---volaille/porc,-veau,-agneau/id0/600.html">Porc, Veau, Agneau</a></li><li><a href="march%25C3%25A9/boucherie---volaille/poulet,-dinde,-autres-volailles/id0/603.html">Poulet, Dinde, Autres Volailles</a></li><li><a href="march%25C3%25A9/boucherie---volaille/saucisse,-viandes-cuisin%25C3%25A9es,-snack,-sauce/id0/602.html">Saucisse, Viandes Cuisinées, Snack, Sauce</a></li><li><a href="march%25C3%25A9/boucherie---volaille/steacks-hach%25C3%25A9s/id0/717040.html">Steacks Hachés</a></li></ul></li><li><h3><a title="RR2008" rel="page-462" href="id3/404/462.html">Produits de la mer</a></h3><ul class="menu"><li><a href="march%25C3%25A9/produits-de-la-mer/poissons-frais,-fruits-de-mer,-poissons-pan%25C3%25A9s/id0/597.html">Poissons frais, Fruits de Mer, Poissons Panés</a></li><li><a href="march%25C3%25A9/produits-de-la-mer/poissons-fum%25C3%25A9s/id0/82012.html">Poissons Fumés</a></li><li><a href="march%25C3%25A9/produits-de-la-mer/produits-ap%25C3%25A9ritifs/id0/100366.html">Produits Apéritifs</a></li><li><a href="march%25C3%25A9/produits-de-la-mer/surimis/id0/100363.html">Surimis</a></li></ul></li><li><h3><a title="RR3360" rel="page-100376" href="id3/404/100376.html">Pains - Viennoiseries</a></h3><ul class="menu"><li><a href="march%25C3%25A9/pains---viennoiseries/pains,-pains-de-mie/id0/100377.html">Pains, Pains de mie</a></li><li><a href="march%25C3%25A9/pains---viennoiseries/pains-%25C3%25A0-garnir/id0/431981.html">Pains à garnir</a></li><li><a href="march%25C3%25A9/pains---viennoiseries/brioches-et-viennoiseries/id0/100381.html">Brioches et Viennoiseries</a></li></ul></li><li><h3><a title="Le Marché Bio" rel="page-653715" href="id3/404/653715.html">Le Marché Bio</a></h3><ul class="menu"><li><a href="march%25C3%25A9/le-march%25C3%25A9-bio/fruits,-l%25C3%25A9gumes/id0/653716.html">Fruits, Légumes</a></li><li><a href="march%25C3%25A9/le-march%25C3%25A9-bio/viandes,-volailles,-poissons/id0/653717.html">Viandes, Volailles, Poissons</a></li></ul></li></ul><?xml version="1.0" encoding="UTF-8"?><a href="march%25C3%25A9/le-march%25C3%25A9-bio/fruits,-l%25C3%25A9gumes/id0/653716.html"><img src="http://www.auchandirect.fr/static/S1213MARCHES.jpg" alt="Promo sur les bananes Bio" title="Promo sur les bananes Bio" /></a>    
<div class="clear"></div></div><div class="clear"></div></div></div></div></li><li><a title="RR1003" href="rayon.pagetemplate.fancycloseprovidergabarit.closebuttonhk%3Ft:ac=nouveautes.html#">Produits laitiers<br/>Œufs</a><div class="hovered_big_menu" id="4082"><div class="menu-panel"><div class="menu-listes-container float-container"><div class="menu-listes"><ul class="menu menu-horizontal menu_left"><li><h3><a title="RR2010" rel="page-459" href="id3/408/459.html">Crémerie, Oeufs</a></h3><ul class="menu"><li><a href="produits-laitiers,-%25C5%2593ufs/cr%25C3%25A9merie,-oeufs/laits/id0/605.html">Laits</a></li><li><a href="produits-laitiers,-%25C5%2593ufs/cr%25C3%25A9merie,-oeufs/cr%25C3%25A8mes-fra%25C3%25AEches,-sauces/id0/608.html">Crèmes Fraîches, Sauces </a></li><li><a href="produits-laitiers,-%25C5%2593ufs/cr%25C3%25A9merie,-oeufs/beurres/id0/604.html">Beurres</a></li><li><a href="produits-laitiers,-%25C5%2593ufs/cr%25C3%25A9merie,-oeufs/margarines/id0/607.html">Margarines</a></li><li><a href="produits-laitiers,-%25C5%2593ufs/cr%25C3%25A9merie,-oeufs/oeufs/id0/606.html">Oeufs</a></li></ul></li><li><h3><a title="RR2011" rel="page-466" href="id3/408/466.html">Fromages</a></h3><ul class="menu"><li><a href="produits-laitiers,-%25C5%2593ufs/fromages/emmental,-comt%25C3%25A9,-parmesan,-rap%25C3%25A9/id0/431987.html">Emmental, Comté, Parmesan, Rapé</a></li><li><a href="produits-laitiers,-%25C5%2593ufs/fromages/camemberts,-coulommiers,-bries/id0/611.html">Camemberts,  Coulommiers,  Bries</a></li><li><a href="produits-laitiers,-%25C5%2593ufs/fromages/ch%25C3%25A8vres,-brebis,-bleus,-roqueforts/id0/610.html">Chèvres,  Brebis, Bleus, Roqueforts</a></li><li><a href="produits-laitiers,-%25C5%2593ufs/fromages/terroir,-sp%25C3%25A9cialit%25C3%25A9s,-sp%25C3%25A9cialit%25C3%25A9s-etrang%25C3%25A8res/id0/612.html">Terroir, Spécialités,  Spécialités Etrangères</a></li><li><a href="produits-laitiers,-%25C5%2593ufs/fromages/a-cuisiner,-a-tartiner,-a-fondre/id0/614.html">A cuisiner, A tartiner, A fondre</a></li><li><a href="produits-laitiers,-%25C5%2593ufs/fromages/ap%25C3%25A9ritifs,-salades,-mozzarellas/id0/615.html">Apéritifs,  Salades,  Mozzarellas</a></li><li><a href="produits-laitiers,-%25C5%2593ufs/fromages/fromages-all%25C3%25A9g%25C3%25A9s/id0/618.html">Fromages Allégés</a></li><li><a href="produits-laitiers,-%25C5%2593ufs/fromages/enfants/id0/617.html">Enfants</a></li></ul></li><li><h3><a title="RR2012" rel="page-464" href="id3/408/464.html">Yaourts, Desserts</a></h3><ul class="menu"><li><a href="produits-laitiers,-%25C5%2593ufs/yaourts,-desserts/yaourts-natures,-fromages-blancs/id0/619.html">Yaourts natures, Fromages blancs</a></li><li><a href="produits-laitiers,-%25C5%2593ufs/yaourts,-desserts/yaourts-aux-fruits,-aromatis%25C3%25A9s/id0/620.html">Yaourts aux fruits,  Aromatisés</a></li><li><a href="produits-laitiers,-%25C5%2593ufs/yaourts,-desserts/yaourts-enfants,-a-boire/id0/621.html">Yaourts enfants, A boire</a></li><li><a href="produits-laitiers,-%25C5%2593ufs/yaourts,-desserts/desserts-gourmands/id0/622.html">Desserts gourmands</a></li><li><a href="produits-laitiers,-%25C5%2593ufs/yaourts,-desserts/all%25C3%25A9g%25C3%25A9s,-bien-%25C3%25AAtre/id0/623.html">Allégés,  Bien Être</a></li><li><a href="produits-laitiers,-%25C5%2593ufs/yaourts,-desserts/compotes/id0/431969.html">Compotes</a></li></ul></li><li><h3><a title="Produits laitiers BIO" rel="page-685063" href="id3/408/685063.html">Produits laitiers BIO</a></h3><ul class="menu"><li><a href="produits-laitiers,-%25C5%2593ufs/produits-laitiers-bio/cremerie,-oeufs/id0/685064.html">Cremerie, Oeufs</a></li><li><a href="produits-laitiers,-%25C5%2593ufs/produits-laitiers-bio/fromages/id0/685065.html">Fromages</a></li><li><a href="produits-laitiers,-%25C5%2593ufs/produits-laitiers-bio/yaourts,-desserts/id0/685066.html">Yaourts, Desserts</a></li></ul></li></ul><?xml version="1.0" encoding="UTF-8"?><a href="produits-laitiers,-%25C5%2593ufs/fromages/ap%25C3%25A9ritifs,-salades,-mozzarellas/id0/615.html"><img src="http://www.auchandirect.fr/static/S1313laitier.jpg" alt="Promo Apericube" title="Promo Apericube" width="150" height="275" /></a>    
<div class="clear"></div></div><div class="clear"></div></div></div></div></li><li><a title="RR1004" href="rayon.pagetemplate.fancycloseprovidergabarit.closebuttonhk%3Ft:ac=nouveautes.html#">Charcuterie<br/>Traiteur</a><div class="hovered_big_menu" id="4072"><div class="menu-panel"><div class="menu-listes-container float-container"><div class="menu-listes"><ul class="menu menu-horizontal menu_left"><li><h3><a title="RR2013" rel="page-468" href="id3/407/468.html">Charcuterie</a></h3><ul class="menu"><li><a href="charcuterie-traiteur/charcuterie/jambons/id0/624.html">Jambons</a></li><li><a href="charcuterie-traiteur/charcuterie/lardons,-bacon,-aides-culinaires/id0/626.html">Lardons, Bacon, Aides culinaires</a></li><li><a href="charcuterie-traiteur/charcuterie/saucisses,-boudins/id0/629.html">Saucisses, Boudins</a></li><li><a href="charcuterie-traiteur/charcuterie/saucissons,-p%25C3%25A2t%25C3%25A9s,-rillettes/id0/625.html">Saucissons, Pâtés, Rillettes</a></li></ul></li><li><h3><a title="RR2014" rel="page-465" href="id3/407/465.html">Traiteur</a></h3><ul class="menu"><li><a href="charcuterie-traiteur/traiteur/entr%25C3%25A9es,-ap%25C3%25A9ritifs/id0/630.html">Entrées, Apéritifs</a></li><li><a href="charcuterie-traiteur/traiteur/salades-compos%25C3%25A9es,-crudit%25C3%25A9s,-soupes/id0/627.html">Salades Composées, Crudités, Soupes</a></li><li><a href="charcuterie-traiteur/traiteur/burgers,-croques/id0/632.html">Burgers, Croques</a></li><li><a href="charcuterie-traiteur/traiteur/cordons-bleus,-nuggets,-grignottes/id0/636.html">Cordons Bleus, Nuggets, Grignottes</a></li><li><a href="charcuterie-traiteur/traiteur/pizzas,-tartes,-quiches/id0/631.html">Pizzas, Tartes, Quiches</a></li><li><a href="charcuterie-traiteur/traiteur/p%25C3%25A2tes-fra%25C3%25AEches,-quenelles/id0/634.html">Pâtes Fraîches, Quenelles</a></li><li><a href="charcuterie-traiteur/traiteur/plats-cuisin%25C3%25A9s/id0/628.html">Plats cuisinés</a></li><li><a href="charcuterie-traiteur/traiteur/p%25C3%25A2tes-%25C3%25A0-tarte-et-%25C3%25A0-g%25C3%25A2teaux/id0/633.html">Pâtes à Tarte et à Gâteaux</a></li></ul></li><li><h3><a title="RR2016" rel="page-467" href="id3/407/467.html">Traiteur de la Mer</a></h3><ul class="menu"><li><a href="charcuterie-traiteur/traiteur-de-la-mer/poissons-fum%25C3%25A9s/id0/639.html">Poissons Fumés</a></li><li><a href="charcuterie-traiteur/traiteur-de-la-mer/surimis,-poissons-pan%25C3%25A9s/id0/637.html">Surimis, Poissons panés</a></li><li><a href="charcuterie-traiteur/traiteur-de-la-mer/produits-ap%25C3%25A9ritifs/id0/640.html">Produits Apéritifs</a></li></ul></li><li><h3><a title="Charcuterie, Traiteur Bio" rel="page-687256" href="id3/407/687256.html">Charcuterie, Traiteur Bio</a></h3><ul class="menu"><li><a href="charcuterie-traiteur/charcuterie,-traiteur-bio/charcuterie/id0/687259.html">Charcuterie</a></li><li><a href="charcuterie-traiteur/charcuterie,-traiteur-bio/traiteur/id0/687261.html">Traiteur</a></li></ul></li></ul><?xml version="1.0" encoding="UTF-8"?><a href="http://www.auchandirect.fr/rayon/832613"><img src="http://www.auchandirect.fr/static/S1313charcut.JPG" alt="Pr&eacute;parez votre ap&eacute;ritif" title="Pr&eacute;parez votre ap&eacute;ritif" width="150" height="275" /></a>  
<div class="clear"></div></div><div class="clear"></div></div></div></div></li><li><a title="RR1005" href="rayon.pagetemplate.fancycloseprovidergabarit.closebuttonhk%3Ft:ac=nouveautes.html#">Surgelés</a><div class="hovered_big_menu" id="4062"><div class="menu-panel"><div class="menu-listes-container float-container"><div class="menu-listes"><ul class="menu menu-horizontal menu_left"><li><h3><a title="RR2017" rel="page-472" href="id3/406/472.html">Apéritifs, Entrées, Snacks</a></h3><ul class="menu"><li><a href="surgel%25C3%25A9s/ap%25C3%25A9ritifs,-entr%25C3%25A9es,-snacks/ap%25C3%25A9ritifs,-petits-fours/id0/431976.html">Apéritifs, Petits fours</a></li><li><a href="surgel%25C3%25A9s/ap%25C3%25A9ritifs,-entr%25C3%25A9es,-snacks/cr%25C3%25AApes,-feuillet%25C3%25A9s/id0/431978.html">Crêpes, Feuilletés</a></li><li><a href="surgel%25C3%25A9s/ap%25C3%25A9ritifs,-entr%25C3%25A9es,-snacks/bun's,-burgers/id0/431979.html">Bun's, Burgers</a></li><li><a href="surgel%25C3%25A9s/ap%25C3%25A9ritifs,-entr%25C3%25A9es,-snacks/coquilles,-escargots/id0/431980.html">Coquilles, Escargots</a></li></ul></li><li><h3><a title="Pizzas, Tartes, Plats cuisinés" rel="page-431964" href="id3/406/431964.html">Pizzas, Tartes, Plats cuisinés</a></h3><ul class="menu"><li><a href="surgel%25C3%25A9s/pizzas,-tartes,-plats-cuisin%25C3%25A9s/pizzas/id0/648.html">Pizzas</a></li><li><a href="surgel%25C3%25A9s/pizzas,-tartes,-plats-cuisin%25C3%25A9s/tartes,-quiches/id0/431973.html">Tartes, Quiches</a></li><li><a href="surgel%25C3%25A9s/pizzas,-tartes,-plats-cuisin%25C3%25A9s/plats-cuisin%25C3%25A9s/id0/646.html">Plats Cuisinés</a></li></ul></li><li><h3><a title="RR2019" rel="page-470" href="id3/406/470.html">Viandes, Produits de la Mer</a></h3><ul class="menu"><li><a href="surgel%25C3%25A9s/viandes,-produits-de-la-mer/viandes/id0/652.html">Viandes</a></li><li><a href="surgel%25C3%25A9s/viandes,-produits-de-la-mer/steacks-haches/id0/788712.html">Steacks haches</a></li><li><a href="surgel%25C3%25A9s/viandes,-produits-de-la-mer/produits-de-la-mer/id0/654.html">Produits de la Mer</a></li></ul></li><li><h3><a title="RR2018" rel="page-469" href="id3/406/469.html">Légumes, Pommes de Terre, Herbes</a></h3><ul class="menu"><li><a href="surgel%25C3%25A9s/l%25C3%25A9gumes,-pommes-de-terre,-herbes/frites,-pommes-de-terre/id0/647.html">Frites, Pommes de Terre</a></li><li><a href="surgel%25C3%25A9s/l%25C3%25A9gumes,-pommes-de-terre,-herbes/l%25C3%25A9gumes/id0/650.html">Légumes</a></li><li><a href="surgel%25C3%25A9s/l%25C3%25A9gumes,-pommes-de-terre,-herbes/herbes-aromatiques-et-sauces/id0/651.html">Herbes Aromatiques et sauces</a></li></ul></li><li><h3><a title="RR2020" rel="page-471" href="id3/406/471.html">Glaces, Patisseries, Viennoiseries</a></h3><ul class="menu"><li><a href="surgel%25C3%25A9s/glaces,-patisseries,-viennoiseries/glaces-individuelles/id0/657.html">Glaces Individuelles</a></li><li><a href="surgel%25C3%25A9s/glaces,-patisseries,-viennoiseries/glaces-%25C3%25A0-partager/id0/653.html">Glaces à Partager</a></li><li><a href="surgel%25C3%25A9s/glaces,-patisseries,-viennoiseries/p%25C3%25A2tisseries,-viennoiseries/id0/656.html">Pâtisseries, Viennoiseries</a></li><li><a href="surgel%25C3%25A9s/glaces,-patisseries,-viennoiseries/accompagnements,-fruits/id0/655.html">Accompagnements, Fruits</a></li></ul></li></ul><?xml version="1.0" encoding="UTF-8"?><a href="http://www.auchandirect.fr/rayon/37716"><img src="http://www.auchandirect.fr/static/S1313surgeles.jpg" alt="Promo pour votre repas de Paques" title="Promo pour votre repas de Paques" width="150" height="275" /></a>    
<div class="clear"></div></div><div class="clear"></div></div></div></div></li><li><a title="RR1006" href="rayon.pagetemplate.fancycloseprovidergabarit.closebuttonhk%3Ft:ac=nouveautes.html#">Epicerie<br/>Salée</a><div class="hovered_big_menu" id="4132"><div class="menu-panel"><div class="menu-listes-container float-container"><div class="menu-listes"><ul class="menu menu-horizontal menu_left"><li><h3><a title="RR2025" rel="page-479" href="id3/413/479.html">Conserves, Plats Cuisinés</a></h3><ul class="menu"><li><a href="epicerie-sal%25C3%25A9e/conserves,-plats-cuisin%25C3%25A9s/conserves-de-l%25C3%25A9gumes/id0/674.html">Conserves de Légumes</a></li><li><a href="epicerie-sal%25C3%25A9e/conserves,-plats-cuisin%25C3%25A9s/conserves-de-poissons/id0/676.html">Conserves de Poissons</a></li><li><a href="epicerie-sal%25C3%25A9e/conserves,-plats-cuisin%25C3%25A9s/plats-cuisin%25C3%25A9s/id0/677.html">Plats Cuisinés</a></li><li><a href="epicerie-sal%25C3%25A9e/conserves,-plats-cuisin%25C3%25A9s/terrines,-pat%25C3%25A9s/id0/679.html">Terrines, Patés</a></li></ul></li><li><h3><a title="RR2023" rel="page-480" href="id3/413/480.html">Pâtes, Riz, Purées</a></h3><ul class="menu"><li><a href="epicerie-sal%25C3%25A9e/p%25C3%25A2tes,-riz,-pur%25C3%25A9es/p%25C3%25A2tes/id0/681.html">Pâtes</a></li><li><a href="epicerie-sal%25C3%25A9e/p%25C3%25A2tes,-riz,-pur%25C3%25A9es/riz/id0/680.html">Riz</a></li><li><a href="epicerie-sal%25C3%25A9e/p%25C3%25A2tes,-riz,-pur%25C3%25A9es/sauces-pour-p%25C3%25A2tes-et-riz/id0/431966.html">Sauces pour Pâtes et Riz</a></li><li><a href="epicerie-sal%25C3%25A9e/p%25C3%25A2tes,-riz,-pur%25C3%25A9es/bl%25C3%25A9s,-semoules,-l%25C3%25A9gumes-secs/id0/678.html">Blés, Semoules, Légumes secs</a></li><li><a href="epicerie-sal%25C3%25A9e/p%25C3%25A2tes,-riz,-pur%25C3%25A9es/pur%25C3%25A9es/id0/682.html">Purées</a></li></ul></li><li><h3><a title="RR2022" rel="page-481" href="id3/413/481.html">Potages et Soupes</a></h3><ul class="menu"><li><a href="epicerie-sal%25C3%25A9e/potages-et-soupes/format-familial/id0/683.html">Format Familial</a></li><li><a href="epicerie-sal%25C3%25A9e/potages-et-soupes/format-individuel/id0/686.html">Format individuel</a></li><li><a href="epicerie-sal%25C3%25A9e/potages-et-soupes/de%25CC%2581shydrate%25CC%2581es,-instantane%25CC%2581es,-croutons/id0/685.html">Déshydratées, Instantanées, Croutons</a></li></ul></li><li><h3><a title="RR2024" rel="page-482" href="id3/413/482.html">Sauces, Condiments</a></h3><ul class="menu"><li><a href="epicerie-sal%25C3%25A9e/sauces,-condiments/huiles/id0/692.html">Huiles</a></li><li><a href="epicerie-sal%25C3%25A9e/sauces,-condiments/vinaigres,-vinaigrettes/id0/694.html">Vinaigres, Vinaigrettes</a></li><li><a href="epicerie-sal%25C3%25A9e/sauces,-condiments/sauces-chaudes/id0/689.html">Sauces Chaudes</a></li><li><a href="epicerie-sal%25C3%25A9e/sauces,-condiments/moutarde,-mayonnaise,-ketchup/id0/691.html">Moutarde, Mayonnaise, Ketchup</a></li><li><a href="epicerie-sal%25C3%25A9e/sauces,-condiments/olives,-cornichons/id0/688.html">Olives,  Cornichons</a></li><li><a href="epicerie-sal%25C3%25A9e/sauces,-condiments/sel,-poivre,-epices,-herbes/id0/695.html">Sel, Poivre, Epices, Herbes</a></li><li><a href="epicerie-sal%25C3%25A9e/sauces,-condiments/bouillons,-aides-culinaires/id0/687.html">Bouillons, Aides culinaires</a></li></ul></li><li><h3><a title="RR2021" rel="page-477" href="id3/413/477.html">Produits Salés Apéritifs</a></h3><ul class="menu"><li><a href="epicerie-sal%25C3%25A9e/produits-sal%25C3%25A9s-ap%25C3%25A9ritifs/chips,-tuiles/id0/675.html">Chips, Tuiles</a></li><li><a href="epicerie-sal%25C3%25A9e/produits-sal%25C3%25A9s-ap%25C3%25A9ritifs/cacahu%25C3%25A8tes,-autres-graines/id0/673.html">Cacahuètes, Autres Graines</a></li><li><a href="epicerie-sal%25C3%25A9e/produits-sal%25C3%25A9s-ap%25C3%25A9ritifs/biscuits-sal%25C3%25A9s,-souffl%25C3%25A9s/id0/668.html">Biscuits salés, Soufflés</a></li><li><a href="epicerie-sal%25C3%25A9e/produits-sal%25C3%25A9s-ap%25C3%25A9ritifs/autres-produits-ap%25C3%25A9ritifs/id0/669.html">Autres Produits Apéritifs</a></li></ul></li><li><h3><a title="RR3363" rel="page-143464" href="id3/413/143464.html">Produits Gourmets</a></h3><ul class="menu"><li><a href="epicerie-sal%25C3%25A9e/produits-gourmets/epicerie-sal%25C3%25A9e/id0/143468.html">Epicerie Salée</a></li><li><a href="epicerie-sal%25C3%25A9e/produits-gourmets/epicerie-sucr%25C3%25A9e/id0/143469.html">Epicerie Sucrée</a></li></ul></li><li><h3><a title="Epicerie salée BIO" rel="page-685096" href="id3/413/685096.html">Epicerie salée BIO</a></h3><ul class="menu"><li><a href="epicerie-sal%25C3%25A9e/epicerie-sal%25C3%25A9e-bio/conserves,-plats-cuisin%25C3%25A9s/id0/685097.html">Conserves, Plats cuisinés</a></li><li><a href="epicerie-sal%25C3%25A9e/epicerie-sal%25C3%25A9e-bio/p%25C3%25A2tes,-riz,-l%25C3%25A9gumes-secs/id0/685099.html">Pâtes, Riz, Légumes secs</a></li><li><a href="epicerie-sal%25C3%25A9e/epicerie-sal%25C3%25A9e-bio/soupes,-sauces,-condiments/id0/687251.html">Soupes, Sauces, Condiments</a></li></ul></li><li><h3><a title="Produits du monde" rel="page-764962" href="id3/413/764962.html">Produits du monde</a></h3><ul class="menu"><li><a href="epicerie-sal%25C3%25A9e/produits-du-monde/tex-mex/id0/764963.html">Tex mex</a></li><li><a href="epicerie-sal%25C3%25A9e/produits-du-monde/asie/id0/764964.html">Asie</a></li></ul></li></ul><?xml version="1.0" encoding="UTF-8"?><a href="http://www.auchandirect.fr/rayon/121413"><img src="http://www.auchandirect.fr/static/S1213SALE.jpg" alt="-25% sur Barilla" title="-25% sur Barilla" width="150" height="275" /></a>     
<div class="clear"></div></div><div class="clear"></div></div></div></div></li><li><a title="RR1007" href="rayon.pagetemplate.fancycloseprovidergabarit.closebuttonhk%3Ft:ac=nouveautes.html#">Petit-Déjeuner<br/>Epicerie Sucrée</a><div class="hovered_big_menu" id="4092"><div class="menu-panel"><div class="menu-listes-container float-container"><div class="menu-listes"><ul class="menu menu-horizontal menu_left"><li><h3><a title="RR2029" rel="page-484" href="id3/409/484.html">Petit-déjeuner</a></h3><ul class="menu"><li><a href="petit-d%25C3%25A9jeuner-epicerie-sucr%25C3%25A9e/petit-d%25C3%25A9jeuner/dosettes,-capsules/id0/431984.html">Dosettes, Capsules</a></li><li><a href="petit-d%25C3%25A9jeuner-epicerie-sucr%25C3%25A9e/petit-d%25C3%25A9jeuner/caf%25C3%25A9s,-chicor%25C3%25A9es,-chocolats/id0/710.html">Cafés, Chicorées, Chocolats</a></li><li><a href="petit-d%25C3%25A9jeuner-epicerie-sucr%25C3%25A9e/petit-d%25C3%25A9jeuner/th%25C3%25A9s,-infusions/id0/715.html">Thés, Infusions</a></li><li><a href="petit-d%25C3%25A9jeuner-epicerie-sucr%25C3%25A9e/petit-d%25C3%25A9jeuner/c%25C3%25A9r%25C3%25A9ales/id0/709.html">Céréales</a></li><li><a href="petit-d%25C3%25A9jeuner-epicerie-sucr%25C3%25A9e/petit-d%25C3%25A9jeuner/biscottes,-tartines/id0/708.html">Biscottes, Tartines</a></li><li><a href="petit-d%25C3%25A9jeuner-epicerie-sucr%25C3%25A9e/petit-d%25C3%25A9jeuner/pains-et-viennoiseries/id0/716.html">Pains et Viennoiseries</a></li><li><a href="petit-d%25C3%25A9jeuner-epicerie-sucr%25C3%25A9e/petit-d%25C3%25A9jeuner/confitures,-miels,-p%25C3%25A2tes-%25C3%25A0-tartiner/id0/712.html">Confitures, Miels, Pâtes à Tartiner</a></li><li><a href="petit-d%25C3%25A9jeuner-epicerie-sucr%25C3%25A9e/petit-d%25C3%25A9jeuner/jus-de-fruits/id0/713.html">Jus de Fruits</a></li><li><a href="petit-d%25C3%25A9jeuner-epicerie-sucr%25C3%25A9e/petit-d%25C3%25A9jeuner/laits/id0/714.html">Laits</a></li></ul></li><li><h3><a title="RR2026" rel="page-483" href="id3/409/483.html">Biscuits, Goûters</a></h3><ul class="menu"><li><a href="petit-d%25C3%25A9jeuner-epicerie-sucr%25C3%25A9e/biscuits,-go%25C3%25BBters/biscuits/id0/693.html">Biscuits</a></li><li><a href="petit-d%25C3%25A9jeuner-epicerie-sucr%25C3%25A9e/biscuits,-go%25C3%25BBters/go%25C3%25BBters/id0/431989.html">Goûters </a></li><li><a href="petit-d%25C3%25A9jeuner-epicerie-sucr%25C3%25A9e/biscuits,-go%25C3%25BBters/p%25C3%25A2tisseries/id0/696.html">Pâtisseries</a></li><li><a href="petit-d%25C3%25A9jeuner-epicerie-sucr%25C3%25A9e/biscuits,-go%25C3%25BBters/compotes-enfants/id0/856862.html">Compotes enfants</a></li></ul></li><li><h3><a title="RR2027" rel="page-485" href="id3/409/485.html">Chocolats, Confiseries</a></h3><ul class="menu"><li><a href="petit-d%25C3%25A9jeuner-epicerie-sucr%25C3%25A9e/chocolats,-confiseries/tablettes-de-chocolat/id0/701.html">Tablettes de Chocolat</a></li><li><a href="petit-d%25C3%25A9jeuner-epicerie-sucr%25C3%25A9e/chocolats,-confiseries/confiseries-chocolat%25C3%25A9es/id0/698.html">Confiseries Chocolatées</a></li><li><a href="petit-d%25C3%25A9jeuner-epicerie-sucr%25C3%25A9e/chocolats,-confiseries/bonbons/id0/699.html">Bonbons</a></li><li><a href="petit-d%25C3%25A9jeuner-epicerie-sucr%25C3%25A9e/chocolats,-confiseries/chewing-gum/id0/700.html">Chewing Gum</a></li><li><a href="petit-d%25C3%25A9jeuner-epicerie-sucr%25C3%25A9e/chocolats,-confiseries/petite-confiserie/id0/702.html">Petite Confiserie</a></li></ul></li><li><h3><a title="RR2028" rel="page-486" href="id3/409/486.html">Desserts, Ingrédients</a></h3><ul class="menu"><li><a href="petit-d%25C3%25A9jeuner-epicerie-sucr%25C3%25A9e/desserts,-ingr%25C3%25A9dients/sucres,-farines,-levures/id0/706.html">Sucres, Farines, Levures</a></li><li><a href="petit-d%25C3%25A9jeuner-epicerie-sucr%25C3%25A9e/desserts,-ingr%25C3%25A9dients/compotes,-cr%25C3%25A8mes/id0/704.html">Compotes, Crèmes</a></li><li><a href="petit-d%25C3%25A9jeuner-epicerie-sucr%25C3%25A9e/desserts,-ingr%25C3%25A9dients/desserts-%25C3%25A0-pr%25C3%25A9parer/id0/703.html">Desserts à Préparer</a></li><li><a href="petit-d%25C3%25A9jeuner-epicerie-sucr%25C3%25A9e/desserts,-ingr%25C3%25A9dients/fruits-au-sirop/id0/705.html">Fruits au Sirop</a></li><li><a href="petit-d%25C3%25A9jeuner-epicerie-sucr%25C3%25A9e/desserts,-ingr%25C3%25A9dients/aides-%25C3%25A0-la-p%25C3%25A2tisserie/id0/707.html">Aides à la Pâtisserie</a></li></ul></li><li><h3><a title="Bien Etre, Forme" rel="page-431988" href="id3/409/431988.html">Bien Etre, Forme</a></h3><ul class="menu"><li><a href="petit-d%25C3%25A9jeuner-epicerie-sucr%25C3%25A9e/bien-etre,-forme/petit-d%25C3%25A9jeuner/id0/431990.html">Petit Déjeuner</a></li><li><a href="petit-d%25C3%25A9jeuner-epicerie-sucr%25C3%25A9e/bien-etre,-forme/biscuits,-go%25C3%25BBters/id0/431991.html">Biscuits, Goûters</a></li><li><a href="petit-d%25C3%25A9jeuner-epicerie-sucr%25C3%25A9e/bien-etre,-forme/compl%25C3%25A9ments-alimentaires/id0/431992.html">Compléments alimentaires</a></li><li><a href="petit-d%25C3%25A9jeuner-epicerie-sucr%25C3%25A9e/bien-etre,-forme/sans-gluten/id0/431993.html">Sans gluten</a></li></ul></li><li><h3><a title="Epicerie sucrée Bio" rel="page-685084" href="id3/409/685084.html">Epicerie sucrée Bio</a></h3><ul class="menu"><li><a href="petit-d%25C3%25A9jeuner-epicerie-sucr%25C3%25A9e/epicerie-sucr%25C3%25A9e-bio/caf%25C3%25A9,-th%25C3%25A9s/id0/687260.html">Café, Thés</a></li><li><a href="petit-d%25C3%25A9jeuner-epicerie-sucr%25C3%25A9e/epicerie-sucr%25C3%25A9e-bio/c%25C3%25A9r%25C3%25A9ales/id0/687270.html">Céréales </a></li><li><a href="petit-d%25C3%25A9jeuner-epicerie-sucr%25C3%25A9e/epicerie-sucr%25C3%25A9e-bio/confitures,-miels,-p%25C3%25A2tes-%25C3%25A0-tartiner/id0/687268.html">Confitures, Miels, Pâtes à tartiner</a></li><li><a href="petit-d%25C3%25A9jeuner-epicerie-sucr%25C3%25A9e/epicerie-sucr%25C3%25A9e-bio/biscuits/id0/685091.html">Biscuits </a></li><li><a href="petit-d%25C3%25A9jeuner-epicerie-sucr%25C3%25A9e/epicerie-sucr%25C3%25A9e-bio/farines,-sucres/id0/687265.html">Farines, Sucres </a></li><li><a href="petit-d%25C3%25A9jeuner-epicerie-sucr%25C3%25A9e/epicerie-sucr%25C3%25A9e-bio/tablettes-de-chocolat/id0/689173.html">Tablettes de chocolat</a></li><li><a href="petit-d%25C3%25A9jeuner-epicerie-sucr%25C3%25A9e/epicerie-sucr%25C3%25A9e-bio/compotes,-cr%25C3%25A8mes/id0/689171.html">Compotes, Crèmes </a></li></ul></li><li><h3><a title="Chocolats de Pâques" rel="page-788713" href="id3/409/788713.html">Chocolats de Pâques</a></h3><ul class="menu"><li><a href="petit-d%25C3%25A9jeuner-epicerie-sucr%25C3%25A9e/chocolats-de-p%25C3%25A2ques/chocolats-de-p%25C3%25A2ques/id0/788714.html">Chocolats de Pâques</a></li></ul></li></ul><?xml version="1.0" encoding="UTF-8"?><a href="http://www.auchandirect.fr/rayon/755420"><img src="http://www.auchandirect.fr/static/S1113CHOCOLAT.jpg" alt="D&eacute;couvrez nos offres en chocolats" title="D&eacute;couvrez nos offres en chocolats" /><img src="http://www.auchandirect.fr/static/S1113chocolat.jpg" alt="D&eacute;couvrez nos offres de chocolat" title="D&eacute;couvrez nos offres de chocolat" /></a>    
<div class="clear"></div></div><div class="clear"></div></div></div></div></li><li><a title="RR1008" href="rayon.pagetemplate.fancycloseprovidergabarit.closebuttonhk%3Ft:ac=nouveautes.html#">Boissons</a><div class="hovered_big_menu" id="4112"><div class="menu-panel"><div class="menu-listes-container float-container"><div class="menu-listes"><ul class="menu menu-horizontal menu_left"><li><h3><a title="RR2030" rel="page-478" href="id3/411/478.html">Eaux</a></h3><ul class="menu"><li><a href="boissons/eaux/eaux-plates/id0/667.html">Eaux plates</a></li><li><a href="boissons/eaux/eaux-gazeuses/id0/663.html">Eaux gazeuses</a></li><li><a href="boissons/eaux/eaux-aromatis%25C3%25A9es/id0/666.html">Eaux aromatisées</a></li><li><a href="boissons/eaux/boutique-evian/id0/786012.html">Boutique Evian</a></li><li><a href="boissons/eaux/boutique-perrier/id0/786013.html">Boutique Perrier</a></li></ul></li><li><h3><a title="RR2031" rel="page-476" href="id3/411/476.html">Jus, Softs</a></h3><ul class="menu"><li><a href="boissons/jus,-softs/jus-de-fruits,-l%25C3%25A9gumes/id0/672.html">Jus de fruits, Légumes</a></li><li><a href="boissons/jus,-softs/jus-de-fruits-frais/id0/433470.html">Jus de fruits frais</a></li><li><a href="boissons/jus,-softs/colas,-boissons-gazeuses/id0/671.html">Colas, Boissons gazeuses</a></li><li><a href="boissons/jus,-softs/boissons-aromatis%25C3%25A9es,-sirops/id0/670.html">Boissons aromatisées, Sirops</a></li><li><a href="boissons/jus,-softs/energ%25C3%25A9tiques,-sports/id0/431982.html">Energétiques, Sports</a></li></ul></li><li><h3><a title="RR2058" rel="page-506" href="id3/411/506.html">Vins et Champagnes</a></h3><ul class="menu"><li><a href="boissons/vins-et-champagnes/vins-rouges/id0/822.html">Vins rouges</a></li><li><a href="boissons/vins-et-champagnes/vins-blancs/id0/819.html">Vins blancs</a></li><li><a href="boissons/vins-et-champagnes/vins-ros%25C3%25A9s/id0/821.html">Vins rosés</a></li><li><a href="boissons/vins-et-champagnes/champagnes-et-vins-p%25C3%25A9tillants/id0/818.html">Champagnes et vins pétillants</a></li><li><a href="boissons/vins-et-champagnes/foire-aux-vins-de-printemps/id0/685088.html">Foire aux vins de printemps</a></li></ul></li><li><h3><a title="RR3373" rel="page-445712" href="id3/411/445712.html">Produits Salés Apéritifs</a></h3><ul class="menu"><li><a href="boissons/produits-sal%25C3%25A9s-ap%25C3%25A9ritifs/chips,-tuiles/id0/445713.html">Chips, Tuiles</a></li><li><a href="boissons/produits-sal%25C3%25A9s-ap%25C3%25A9ritifs/cacahu%25C3%25A8tes,-autres-graines/id0/445714.html">Cacahuètes, Autres Graines</a></li><li><a href="boissons/produits-sal%25C3%25A9s-ap%25C3%25A9ritifs/biscuits-sal%25C3%25A9s,-souffl%25C3%25A9s/id0/445715.html">Biscuits Salés, Soufflés</a></li><li><a href="boissons/produits-sal%25C3%25A9s-ap%25C3%25A9ritifs/autres-produits-ap%25C3%25A9ritifs/id0/445716.html">Autres Produits Apéritifs</a></li></ul></li><li><h3><a title="RR2032" rel="page-475" href="id3/411/475.html">Apéritifs, Digestifs</a></h3><ul class="menu"><li><a href="boissons/ap%25C3%25A9ritifs,-digestifs/whiskies/id0/661.html">Whiskies</a></li><li><a href="boissons/ap%25C3%25A9ritifs,-digestifs/ap%25C3%25A9ritifs,-anis%25C3%25A9s/id0/662.html">Apéritifs, Anisés</a></li><li><a href="boissons/ap%25C3%25A9ritifs,-digestifs/digestifs/id0/658.html">Digestifs</a></li><li><a href="boissons/ap%25C3%25A9ritifs,-digestifs/autres-alcools/id0/431962.html">Autres alcools</a></li><li><a href="boissons/ap%25C3%25A9ritifs,-digestifs/sans-alcool/id0/431963.html">Sans alcool</a></li></ul></li><li><h3><a title="RR2033" rel="page-474" href="id3/411/474.html">Bières, Cidres</a></h3><ul class="menu"><li><a href="boissons/bi%25C3%25A8res,-cidres/bi%25C3%25A8res/id0/664.html">Bières</a></li><li><a href="boissons/bi%25C3%25A8res,-cidres/cidres/id0/665.html">Cidres</a></li></ul></li><li><h3><a title="Boissons Bio" rel="page-731715" href="id3/411/731715.html">Boissons Bio</a></h3><ul class="menu"><li><a href="boissons/boissons-bio/jus-de-fruits-frais/id0/736713.html">Jus de fruits frais</a></li><li><a href="boissons/boissons-bio/jus-de-fruits,-l%25C3%25A9gumes/id0/736714.html">Jus de fruits, Légumes</a></li><li><a href="boissons/boissons-bio/lait,-soja,-riz/id0/736715.html">Lait, Soja, Riz</a></li><li><a href="boissons/boissons-bio/vins,-cidres/id0/736712.html">Vins, Cidres</a></li></ul></li></ul><?xml version="1.0" encoding="UTF-8"?><a href="http://www.auchandirect.fr/rayon/384079"><img src="http://www.auchandirect.fr/static/s1213boisson.jpg" alt="Champagne Heidsieck Monopole" title="Champagne Heidsieck Monopole" /></a>     
<div class="clear"></div></div><div class="clear"></div></div></div></div></li><li><a title="RR1012" href="rayon.pagetemplate.fancycloseprovidergabarit.closebuttonhk%3Ft:ac=nouveautes.html#">Bébé</a><div class="hovered_big_menu" id="4102"><div class="menu-panel"><div class="menu-listes-container float-container"><div class="menu-listes"><ul class="menu menu-horizontal menu_left"><li><h3><a title="RR2048" rel="page-490" href="id3/410/490.html">Couches, Culottes</a></h3><ul class="menu"><li><a href="b%25C3%25A9b%25C3%25A9/couches,-culottes/nouveau-n%25C3%25A9s-(taille-1-et-2)/id0/718.html">Nouveau-nés (Taille 1 et 2)</a></li><li><a href="b%25C3%25A9b%25C3%25A9/couches,-culottes/3-9-kg-(taille-3-et-4)/id0/721.html">3-9 kg (Taille 3 et 4)</a></li><li><a href="b%25C3%25A9b%25C3%25A9/couches,-culottes/7-20-kg-(taille-3,-4-et-5)/id0/717.html">7-20 kg (Taille 4 et 5)</a></li><li><a href="b%25C3%25A9b%25C3%25A9/couches,-culottes/11-35-kg-(taille-4-et-5)/id0/719.html">11-35 kg (Taille 4 et 5)</a></li><li><a href="b%25C3%25A9b%25C3%25A9/couches,-culottes/culottes/id0/720.html">Culottes</a></li></ul></li><li><h3><a title="RR2047" rel="page-487" href="id3/410/487.html">Laits bébé</a></h3><ul class="menu"><li><a href="b%25C3%25A9b%25C3%25A9/laits-b%25C3%25A9b%25C3%25A9/croissance/id0/725.html">Croissance</a></li><li><a href="b%25C3%25A9b%25C3%25A9/laits-b%25C3%25A9b%25C3%25A9/laits-1er-age/id0/722.html">Laits 1er Age</a></li><li><a href="b%25C3%25A9b%25C3%25A9/laits-b%25C3%25A9b%25C3%25A9/laits-2%25C3%25A8me-age/id0/723.html">Laits 2ème Age</a></li><li><a href="b%25C3%25A9b%25C3%25A9/laits-b%25C3%25A9b%25C3%25A9/laits-infantiles-bio/id0/724.html">Laits Infantiles Bio</a></li></ul></li><li><h3><a title="RR2046" rel="page-488" href="id3/410/488.html">Alimentation bébé</a></h3><ul class="menu"><li><a href="b%25C3%25A9b%25C3%25A9/alimentation-b%25C3%25A9b%25C3%25A9/petit-d%25C3%25A9jeuner/id0/727.html">Petit-déjeuner</a></li><li><a href="b%25C3%25A9b%25C3%25A9/alimentation-b%25C3%25A9b%25C3%25A9/petits-pots,-assiettes/id0/729.html">Petits Pots, Assiettes</a></li><li><a href="b%25C3%25A9b%25C3%25A9/alimentation-b%25C3%25A9b%25C3%25A9/go%25C3%25BBters,-desserts/id0/730.html">Goûters, Desserts</a></li><li><a href="b%25C3%25A9b%25C3%25A9/alimentation-b%25C3%25A9b%25C3%25A9/boissons/id0/728.html">Boissons</a></li><li><a href="b%25C3%25A9b%25C3%25A9/alimentation-b%25C3%25A9b%25C3%25A9/alimentation-b%25C3%25A9b%25C3%25A9-bio/id0/726.html">Alimentation Bébé Bio</a></li></ul></li><li><h3><a title="RR2049" rel="page-489" href="id3/410/489.html">Toilette et Soin</a></h3><ul class="menu"><li><a href="b%25C3%25A9b%25C3%25A9/toilette-et-soin/cotons,-lingettes/id0/731.html">Cotons, Lingettes</a></li><li><a href="b%25C3%25A9b%25C3%25A9/toilette-et-soin/toilette/id0/732.html">Toilette</a></li><li><a href="b%25C3%25A9b%25C3%25A9/toilette-et-soin/soins/id0/733.html">Soins</a></li><li><a href="b%25C3%25A9b%25C3%25A9/toilette-et-soin/accessoires-de-pu%25C3%25A9riculture/id0/736.html">Accessoires de Puériculture</a></li><li><a href="b%25C3%25A9b%25C3%25A9/toilette-et-soin/pour-la-maman/id0/734.html">Pour la Maman</a></li></ul></li><li><h3><a title="Bébé Bio" rel="page-689179" href="id3/410/689179.html">Bébé Bio</a></h3><ul class="menu"><li><a href="b%25C3%25A9b%25C3%25A9/b%25C3%25A9b%25C3%25A9-bio/laits-infantiles/id0/693965.html">Laits infantiles</a></li><li><a href="b%25C3%25A9b%25C3%25A9/b%25C3%25A9b%25C3%25A9-bio/petit-d%25C3%25A9jeuner/id0/693964.html">Petit déjeuner</a></li><li><a href="b%25C3%25A9b%25C3%25A9/b%25C3%25A9b%25C3%25A9-bio/petits-pots,-assiettes/id0/689182.html">Petits pots, Assiettes </a></li><li><a href="b%25C3%25A9b%25C3%25A9/b%25C3%25A9b%25C3%25A9-bio/desserts-et-go%25C3%25BBters/id0/689184.html">Desserts et goûters </a></li><li><a href="b%25C3%25A9b%25C3%25A9/b%25C3%25A9b%25C3%25A9-bio/boissons/id0/689183.html">Boissons</a></li><li><a href="b%25C3%25A9b%25C3%25A9/b%25C3%25A9b%25C3%25A9-bio/toilette-et-soin/id0/689180.html">Toilette et soin</a></li></ul></li></ul><?xml version="1.0" encoding="UTF-8"?><a href="http://www.auchandirect.fr/rayon/872514"><img src="http://www.auchandirect.fr/static/S1313bebe.jpg" alt="Promo sur Gallia" title="Promo sur Gallia" width="150" height="275" /></a>    
<div class="clear"></div></div><div class="clear"></div></div></div></div></li><li><a title="RR1001" href="rayon.pagetemplate.fancycloseprovidergabarit.closebuttonhk%3Ft:ac=nouveautes.html#">Bio<br/>Ecolo</a><div class="hovered_big_menu" id="4052"><div class="menu-panel"><div class="menu-listes-container float-container"><div class="menu-listes"><ul class="menu menu-horizontal menu_left"><li><h3><a title="RR2002" rel="page-456" href="id3/405/456.html">Produits Frais et Surgelés Bio</a></h3><ul class="menu"><li><a href="bio-ecolo/produits-frais-et-surgel%25C3%25A9s-bio/charcuterie,-traiteur/id0/575.html">Charcuterie,  Traiteur</a></li><li><a href="bio-ecolo/produits-frais-et-surgel%25C3%25A9s-bio/fruits,-l%25C3%25A9gumes/id0/574.html">Fruits,  Légumes</a></li><li><a href="bio-ecolo/produits-frais-et-surgel%25C3%25A9s-bio/cr%25C3%25A9merie---fromages---oeufs/id0/576.html">Crémerie - Fromages - Oeufs</a></li><li><a href="bio-ecolo/produits-frais-et-surgel%25C3%25A9s-bio/surgel%25C3%25A9s/id0/577.html">Surgelés</a></li><li><a href="bio-ecolo/produits-frais-et-surgel%25C3%25A9s-bio/viandes,-volailles,-poissons/id0/578.html">Viandes,  Volailles,  Poissons</a></li></ul></li><li><h3><a title="RR2003" rel="page-458" href="id3/405/458.html">Epicerie Bio</a></h3><ul class="menu"><li><a href="bio-ecolo/epicerie-bio/biscuits/id0/567.html">Biscuits</a></li><li><a href="bio-ecolo/epicerie-bio/desserts/id0/731714.html">Desserts</a></li><li><a href="bio-ecolo/epicerie-bio/petit-d%25C3%25A9jeuner/id0/573.html">Petit-déjeuner</a></li><li><a href="bio-ecolo/epicerie-bio/conserves,-plats-cuisin%25C3%25A9s/id0/565.html">Conserves,  Plats Cuisinés</a></li><li><a href="bio-ecolo/epicerie-bio/p%25C3%25A2tes,-riz,-c%25C3%25A9r%25C3%25A9ales/id0/570.html">Pâtes,  Riz,  Céréales</a></li><li><a href="bio-ecolo/epicerie-bio/sauces,-condiments/id0/572.html">Sauces,  Condiments</a></li><li><a href="bio-ecolo/epicerie-bio/chocolats/id0/693962.html">Chocolats</a></li></ul></li><li><h3><a title="RR2004" rel="page-455" href="id3/405/455.html">Boissons Bio</a></h3><ul class="menu"><li><a href="bio-ecolo/boissons-bio/lait,-soja,-riz/id0/563.html">Lait,  Soja, riz</a></li><li><a href="bio-ecolo/boissons-bio/jus-de-fruits,-l%25C3%25A9gumes/id0/557.html">Jus de Fruits,  Légumes</a></li><li><a href="bio-ecolo/boissons-bio/alcools/id0/554.html">Alcools</a></li></ul></li><li><h3><a title="RR2001" rel="page-454" href="id3/405/454.html">Bébé Bio</a></h3><ul class="menu"><li><a href="bio-ecolo/b%25C3%25A9b%25C3%25A9-bio/alimentation-b%25C3%25A9b%25C3%25A9/id0/558.html">Alimentation Bébé</a></li><li><a href="bio-ecolo/b%25C3%25A9b%25C3%25A9-bio/laits-b%25C3%25A9b%25C3%25A9/id0/556.html">Laits Bébé</a></li><li><a href="bio-ecolo/b%25C3%25A9b%25C3%25A9-bio/toilette,-soins/id0/555.html">Toilette, Soins</a></li></ul></li><li><h3><a title="RR2005" rel="page-457" href="id3/405/457.html">Entretien,  Hygiène Bio Ecolo</a></h3><ul class="menu"><li><a href="bio-ecolo/entretien,-hygi%25C3%25A8ne-bio-ecolo/soins-de-la-personne/id0/562.html">Soins de la Personne</a></li><li><a href="bio-ecolo/entretien,-hygi%25C3%25A8ne-bio-ecolo/piles,-ampoules/id0/564.html">Piles, Ampoules</a></li><li><a href="bio-ecolo/entretien,-hygi%25C3%25A8ne-bio-ecolo/vaisselle/id0/689175.html">Vaisselle</a></li><li><a href="bio-ecolo/entretien,-hygi%25C3%25A8ne-bio-ecolo/cuisine/id0/689176.html">Cuisine</a></li><li><a href="bio-ecolo/entretien,-hygi%25C3%25A8ne-bio-ecolo/produits-m%25C3%25A9nagers/id0/689177.html">Produits ménagers</a></li><li><a href="bio-ecolo/entretien,-hygi%25C3%25A8ne-bio-ecolo/papiers/id0/689178.html">Papiers</a></li></ul></li></ul><?xml version="1.0" encoding="UTF-8"?><a href="bio-ecolo/entretien,-hygi%25C3%25A8ne-bio-ecolo/produits-m%25C3%25A9nagers/id0/689177.html"><img src="http://www.auchandirect.fr/static/s1213bio.jpg" alt="Nettoyez Sain,respirez sain" title="Nettoyez Sain,Respirez sain" width="150" height="275" /></a>   
<div class="clear"></div></div><div class="clear"></div></div></div></div></li><li><a title="RR1010" href="rayon.pagetemplate.fancycloseprovidergabarit.closebuttonhk%3Ft:ac=nouveautes.html#">Hygiène<br/>Beauté</a><div class="hovered_big_menu" id="4122"><div class="menu-panel"><div class="menu-listes-container float-container"><div class="menu-listes"><ul class="menu menu-horizontal menu_left"><li><h3><a title="RR2038" rel="page-492" href="id3/412/492.html">Corps</a></h3><ul class="menu"><li><a href="hygi%25C3%25A8ne-beaut%25C3%25A9/corps/douche,-bain/id0/746.html">Douche, Bain</a></li><li><a href="hygi%25C3%25A8ne-beaut%25C3%25A9/corps/savons/id0/748.html">Savons</a></li><li><a href="hygi%25C3%25A8ne-beaut%25C3%25A9/corps/d%25C3%25A9odorants/id0/744.html">Déodorants</a></li><li><a href="hygi%25C3%25A8ne-beaut%25C3%25A9/corps/cr%25C3%25A8mes,-soins-du-corps/id0/745.html">Crèmes, Soins du Corps</a></li><li><a href="hygi%25C3%25A8ne-beaut%25C3%25A9/corps/soins-mains,-pieds/id0/751.html">Soins Mains, Pieds</a></li><li><a href="hygi%25C3%25A8ne-beaut%25C3%25A9/corps/epilation-f%25C3%25A9minine/id0/750.html">Epilation Féminine</a></li><li><a href="hygi%25C3%25A8ne-beaut%25C3%25A9/corps/hygi%25C3%25A8ne-intime/id0/749.html">Hygiène intime</a></li><li><a href="hygi%25C3%25A8ne-beaut%25C3%25A9/corps/solaires/id0/754.html">Solaires</a></li></ul></li><li><h3><a title="RR2037" rel="page-491" href="id3/412/491.html">Cheveux</a></h3><ul class="menu"><li><a href="hygi%25C3%25A8ne-beaut%25C3%25A9/cheveux/shampooings/id0/743.html">Shampooings</a></li><li><a href="hygi%25C3%25A8ne-beaut%25C3%25A9/cheveux/apr%25C3%25A8s-shampooings/id0/738.html">Après shampooings</a></li><li><a href="hygi%25C3%25A8ne-beaut%25C3%25A9/cheveux/masques,-soins-capillaires/id0/741.html">Masques, Soins Capillaires</a></li><li><a href="hygi%25C3%25A8ne-beaut%25C3%25A9/cheveux/coiffants/id0/740.html">Coiffants</a></li></ul></li><li><h3><a title="RR2036" rel="page-493" href="id3/412/493.html">Visage</a></h3><ul class="menu"><li><a href="hygi%25C3%25A8ne-beaut%25C3%25A9/visage/cotons,-lingettes/id0/761.html">Cotons, Lingettes</a></li><li><a href="hygi%25C3%25A8ne-beaut%25C3%25A9/visage/toilette-du-visage/id0/766.html">Toilette du Visage</a></li><li><a href="hygi%25C3%25A8ne-beaut%25C3%25A9/visage/soins-dentaires/id0/764.html">Soins Dentaires</a></li><li><a href="hygi%25C3%25A8ne-beaut%25C3%25A9/visage/soins-du-visage/id0/767.html">Soins du Visage</a></li><li><a href="hygi%25C3%25A8ne-beaut%25C3%25A9/visage/maquillage/id0/765.html">Maquillage</a></li></ul></li><li><h3><a title="Hommes" rel="page-433468" href="id3/412/433468.html">Hommes</a></h3><ul class="menu"><li><a href="hygi%25C3%25A8ne-beaut%25C3%25A9/hommes/rasage,-soins-hommes/id0/763.html">Rasage, Soins Hommes</a></li><li><a href="hygi%25C3%25A8ne-beaut%25C3%25A9/hommes/cheveux/id0/739.html">Cheveux</a></li><li><a href="hygi%25C3%25A8ne-beaut%25C3%25A9/hommes/douche,-bain/id0/747.html">Douche, Bain</a></li><li><a href="hygi%25C3%25A8ne-beaut%25C3%25A9/hommes/d%25C3%25A9odorants/id0/1707.html">Déodorants</a></li></ul></li><li><h3><a title="RR2040" rel="page-494" href="id3/412/494.html">Papier, Parapharmacie</a></h3><ul class="menu"><li><a href="hygi%25C3%25A8ne-beaut%25C3%25A9/papier,-parapharmacie/papiers-toilette/id0/753.html">Papiers toilette</a></li><li><a href="hygi%25C3%25A8ne-beaut%25C3%25A9/papier,-parapharmacie/essuie-tout/id0/752.html">Essuie-tout</a></li><li><a href="hygi%25C3%25A8ne-beaut%25C3%25A9/papier,-parapharmacie/mouchoirs/id0/756.html">Mouchoirs</a></li><li><a href="hygi%25C3%25A8ne-beaut%25C3%25A9/papier,-parapharmacie/parapharmacie/id0/495.html">Parapharmacie</a></li><li><a href="hygi%25C3%25A8ne-beaut%25C3%25A9/papier,-parapharmacie/solaires/id0/759.html">Solaires</a></li></ul></li><li><h3><a title="Hygiène Beauté Bio" rel="page-689162" href="id3/412/689162.html">Hygiène Beauté Bio</a></h3><ul class="menu"><li><a href="hygi%25C3%25A8ne-beaut%25C3%25A9/hygi%25C3%25A8ne-beaut%25C3%25A9-bio/cotons,-lingettes/id0/689163.html">Cotons, Lingettes </a></li><li><a href="hygi%25C3%25A8ne-beaut%25C3%25A9/hygi%25C3%25A8ne-beaut%25C3%25A9-bio/cr%25C3%25A8mes,-soins-du-corps/id0/689164.html">Crèmes, Soins du corps </a></li><li><a href="hygi%25C3%25A8ne-beaut%25C3%25A9/hygi%25C3%25A8ne-beaut%25C3%25A9-bio/d%25C3%25A9odorants/id0/689165.html">Déodorants</a></li><li><a href="hygi%25C3%25A8ne-beaut%25C3%25A9/hygi%25C3%25A8ne-beaut%25C3%25A9-bio/douches,-bains/id0/689166.html">Douches, Bains </a></li><li><a href="hygi%25C3%25A8ne-beaut%25C3%25A9/hygi%25C3%25A8ne-beaut%25C3%25A9-bio/shampooings/id0/689168.html">Shampooings Bio</a></li><li><a href="hygi%25C3%25A8ne-beaut%25C3%25A9/hygi%25C3%25A8ne-beaut%25C3%25A9-bio/soins-du-visage/id0/689169.html">Soins du visage Bio</a></li><li><a href="hygi%25C3%25A8ne-beaut%25C3%25A9/hygi%25C3%25A8ne-beaut%25C3%25A9-bio/toilette-du-visage/id0/689170.html">Toilette du visage Bio</a></li></ul></li></ul><?xml version="1.0" encoding="UTF-8"?><a href="http://www.auchandirect.fr/rayon/872513"><img src="http://www.auchandirect.fr/static/s1213hygiene.jpg" alt="Promo sur Tahiti" title="Promo sur Tahiti" width="150" height="275" /></a>    
<div class="clear"></div></div><div class="clear"></div></div></div></div></li><li><a title="RR1011" href="rayon.pagetemplate.fancycloseprovidergabarit.closebuttonhk%3Ft:ac=nouveautes.html#">Entretien</a><div class="hovered_big_menu" id="4142"><div class="menu-panel"><div class="menu-listes-container float-container"><div class="menu-listes"><ul class="menu menu-horizontal menu_left"><li><h3><a title="RR2045" rel="page-499" href="id3/414/499.html">Papiers</a></h3><ul class="menu"><li><a href="entretien/papiers/essuies-tout/id0/775.html">Essuies tout</a></li><li><a href="entretien/papiers/mouchoirs/id0/774.html">Mouchoirs</a></li><li><a href="entretien/papiers/papiers-toilette/id0/776.html">Papiers toilette</a></li></ul></li><li><h3><a title="RR2041" rel="page-500" href="id3/414/500.html">Soin du Linge</a></h3><ul class="menu"><li><a href="entretien/soin-du-linge/lessives/id0/792.html">Lessives</a></li><li><a href="entretien/soin-du-linge/assouplissants/id0/790.html">Assouplissants</a></li><li><a href="entretien/soin-du-linge/aides-au-lavage/id0/788.html">Aides au Lavage</a></li></ul></li><li><h3><a title="RR2043" rel="page-497" href="id3/414/497.html">Produits ménagers</a></h3><ul class="menu"><li><a href="entretien/produits-m%25C3%25A9nagers/cuisine,-salle-de-bain,-javel/id0/778.html">Cuisine, Salle de bain, Javel</a></li><li><a href="entretien/produits-m%25C3%25A9nagers/multi-usages/id0/784.html">Multi-usages</a></li><li><a href="entretien/produits-m%25C3%25A9nagers/lingettes-nettoyantes/id0/780.html">Lingettes Nettoyantes</a></li><li><a href="entretien/produits-m%25C3%25A9nagers/sols/id0/785.html">Sols</a></li><li><a href="entretien/produits-m%25C3%25A9nagers/vitres,-meubles/id0/787.html">Vitres, Meubles</a></li><li><a href="entretien/produits-m%25C3%25A9nagers/wc,-d%25C3%25A9boucheurs/id0/789.html">WC, Déboucheurs</a></li><li><a href="entretien/produits-m%25C3%25A9nagers/produits-ecolo/id0/786.html">Produits Ecolo</a></li></ul></li><li><h3><a title="RR2042" rel="page-496" href="id3/414/496.html">Vaisselle</a></h3><ul class="menu"><li><a href="entretien/vaisselle/lavage-en-machine/id0/793.html">Lavage en Machine</a></li><li><a href="entretien/vaisselle/liquides-vaisselle/id0/795.html">Liquides Vaisselle</a></li><li><a href="entretien/vaisselle/gants,-eponges/id0/794.html">Gants, Eponges</a></li></ul></li><li><h3><a title="RR2044" rel="page-498" href="id3/414/498.html">Cuisine</a></h3><ul class="menu"><li><a href="entretien/cuisine/sacs-poubelle/id0/773.html">Sacs Poubelle</a></li><li><a href="entretien/cuisine/aides-%25C3%25A0-la-conservation,-cuisson/id0/768.html">Aides à la Conservation, Cuisson</a></li><li><a href="entretien/cuisine/bo%25C3%25AEtes-herm%25C3%25A9tiques,-vaisselle-jetable/id0/770.html">Boîtes Hermétiques, Vaisselle Jetable</a></li><li><a href="entretien/cuisine/ustensiles-de-cuisine,-filtres-%25C3%25A0-caf%25C3%25A9/id0/769.html">Ustensiles de cuisine, Filtres à café</a></li><li><a href="entretien/cuisine/gants,-eponges/id0/772.html">Gants, Eponges</a></li></ul></li><li><h3><a title="Entretien Bio" rel="page-685085" href="id3/414/685085.html">Entretien Bio</a></h3><ul class="menu"><li><a href="entretien/entretien-bio/produits-m%25C3%25A9nagers/id0/685092.html">Produits ménagers </a></li><li><a href="entretien/entretien-bio/cuisine/id0/685098.html">Cuisine</a></li><li><a href="entretien/entretien-bio/papier/id0/687254.html">Papier Bio</a></li><li><a href="entretien/entretien-bio/vaisselle/id0/687255.html">Vaisselle </a></li></ul></li></ul><?xml version="1.0" encoding="UTF-8"?><a href="http://www.auchandirect.fr/rayon/872512"><img src="http://www.auchandirect.fr/static/s1213entretien.jpg" alt="Promo sur Moltonel" title="Promo sur Moltonel" width="150" height="275" /></a>    
<div class="clear"></div></div><div class="clear"></div></div></div></div></li><li><a title="RR1013" href="rayon.pagetemplate.fancycloseprovidergabarit.closebuttonhk%3Ft:ac=nouveautes.html#">Animaux<br/>Maison</a><div class="hovered_big_menu" id="4152"><div class="menu-panel"><div class="menu-listes-container float-container"><div class="menu-listes"><ul class="menu menu-horizontal menu_left"><li><h3><a title="RR2051" rel="page-501" href="id3/415/501.html">Animaux</a></h3><ul class="menu"><li><a href="animaux-maison/animaux/chats/id0/797.html">Chats</a></li><li><a href="animaux-maison/animaux/chiens/id0/798.html">Chiens</a></li><li><a href="animaux-maison/animaux/rongeurs---autres-animaux/id0/796.html">Rongeurs - Autres animaux</a></li></ul></li><li><h3><a title="RR2054" rel="page-503" href="id3/415/503.html">Droguerie</a></h3><ul class="menu"><li><a href="animaux-maison/droguerie/d%25C3%25A9sodorisants/id0/802.html">Désodorisants</a></li><li><a href="animaux-maison/droguerie/bougies,-allumettes/id0/799.html">Bougies, Allumettes</a></li><li><a href="animaux-maison/droguerie/insecticides/id0/803.html">Insecticides</a></li><li><a href="animaux-maison/droguerie/cirages/id0/801.html">Cirages</a></li></ul></li><li><h3><a title="RR2055" rel="page-505" href="id3/415/505.html">Maison pratique</a></h3><ul class="menu"><li><a href="animaux-maison/maison-pratique/accessoires-cuisine/id0/804.html">Accessoires Cuisine</a></li><li><a href="animaux-maison/maison-pratique/ampoules,-piles/id0/806.html">Ampoules, Piles</a></li><li><a href="animaux-maison/maison-pratique/allumettes/id0/808.html">Allumettes</a></li><li><a href="animaux-maison/maison-pratique/divers/id0/805.html">Divers</a></li></ul></li><li><h3><a title="RR2056" rel="page-504" href="id3/415/504.html">Papeterie</a></h3><ul class="menu"><li><a href="animaux-maison/papeterie/ecriture/id0/813.html">Ecriture</a></li><li><a href="animaux-maison/papeterie/papiers,-cahiers/id0/812.html">Papiers, Cahiers</a></li><li><a href="animaux-maison/papeterie/cartouches-imprimantes/id0/809.html">Cartouches imprimantes</a></li></ul></li><li><h3><a title="RR2052" rel="page-502" href="id3/415/502.html">Textile</a></h3><ul class="menu"><li><a href="animaux-maison/textile/collants,-leggings/id0/815.html">Collants, Leggings</a></li><li><a href="animaux-maison/textile/bas,-mi-bas/id0/814.html">Bas, Mi-bas</a></li><li><a href="animaux-maison/textile/destockage/id0/924212.html">Destockage</a></li></ul></li></ul><?xml version="1.0" encoding="UTF-8"?><a href="http://www.auchandirect.fr/rayon/565021"><img src="http://www.auchandirect.fr/static/s1213maison.jpg" alt="Promo sur Whiskas" title="Promo sur Whiskas" width="150" height="275" /></a>    
<div class="clear"></div></div><div class="clear"></div></div></div></div></li><li><a title="titre Boutiques" rel="page-boutiques" href="rayon.pagetemplate.fancycloseprovidergabarit.closebuttonhk%3Ft:ac=nouveautes.html#">Boutiques</a><div class="hovered_big_menu" id="4152"><div class="menu-panel"><div class="menu-listes-container float-container"><?xml version="1.0" encoding="UTF-8"?><div class="boutique-cont" style="background: none repeat scroll 0% 0% #ffffff; border-radius: 8px 8px 8px 8px; padding: 5px">
<div class="promo-moment" style="width: 590px; margin: 0px 0px 10px; float: left">
<h1>&Agrave; ne pas rater en ce moment</h1>
<ul>
	<li style="padding: 0px 12px; margin: 17px 0px">	
	<a style="background: none repeat scroll 0% 0% transparent ! important; border-left: medium none ! important; margin: 0px ! important; height: auto" href="http://www.auchandirect.fr/rayon/653712"><img src="http://www.auchandirect.fr/static/produitsmoins1euro.jpg" alt="Faites-vous plaisir!" /></a>	
	<h2>Faites-vous plaisir &agrave; petit prix</h2>	
	<p>
	Retrouvez plus de 100 produits du quotidien &agrave; moins d'1 euro  	
	</p>
	<a href="http://www.auchandirect.fr/rayon/653712">&gt;&gt; Voir les offres</a>	</li>	
	<li style="padding: 0px 12px; margin: 17px 0px"><a style="background: none repeat scroll 0% 0% transparent ! important; border-left: medium none ! important; margin: 0px ! important; height: auto" href="rayon.pagetemplate.fancycloseprovidergabarit.closebuttonhk%3Ft:ac=promos.html"><img src="http://www.auchandirect.fr/static/100promos.jpg" alt="Bonne Ann&eacute;e!" /> 	</a>	
	<h2>En promotion en ce moment ...</h2>	
	<p>
	Plus de 100 promos vous attendent chaque semaine
	</p>
	<a href="rayon.pagetemplate.fancycloseprovidergabarit.closebuttonhk%3Ft:ac=promos.html">&gt;&gt; Voir les offres</a>	</li>
</ul>
</div>
<div class="produits-a-decouvrir" style="float: right; margin: 0px 0px 10px">
<h2 style="color: #ffffff; background: none repeat scroll 0% 0% #ff7f1e; border-radius: 6px 6px 0px 0px">Je ma&icirc;trise mon budget</h2>
<ul>
	<li class="first-bord" style="float: left; border-top: 1px solid #ff7f1e ! important; padding-left: 9px">	<a style="background: none repeat scroll 0% 0% transparent ! important; border-left: medium none ! important; padding: 0px; margin: 0px ! important; float: left" href="http://www.auchandirect.fr/rayon/471412"><img src="http://www.auchandirect.fr/static/produitsauchan2.gif" alt="Produits Auchan" /></a>  	
	<div class="infos">
	<h3 style="font-size: 1.2em">Produits Auchan</h3>	
	<p style="font-size: 12px">
	Retrouvez une s&eacute;lection de pr&egrave;s de 100 produits Auchan du quotidien &agrave; petit prix	
	</p>
	<a style="border: medium none ! important; padding-left: 0px ! important" href="http://www.auchandirect.fr/rayon/471412">&gt;&gt; 	Parcourir</a>	
	</div>
	</li>	
	<li style="float: left; padding-left: 9px">	
	<a style="background: none repeat scroll 0% 0% transparent ! important; border-left: medium none ! important; padding: 0px; margin: 0px ! important; float: left" href="http://www.auchandirect.fr/rayon/82018"><img src="http://www.auchandirect.fr/static/bio1euro.gif" alt="Bioa1euro" /></a>
	<div class="infos">
	<h3 style="font-size: 1.2em">Le bio &agrave; moins d' 1 euro</h3>
	<p style="font-size: 12px">
	Restez bio toute l'ann&eacute;e sans vous ruiner !<a style="border: medium none ! important; padding-left: 0px ! important" href="http://www.auchandirect.fr/rayon/82018">&gt;&gt; D&eacute;couvrir</a>	
	</p>
	</div>
	</li>	
	<li style="float: left; padding-left: 9px">	<a style="background: none repeat scroll 0% 0% transparent ! important; border-left: medium none ! important; padding: 0px; margin: 0px ! important; float: left"><img src="http://www.auchandirect.fr/static/riketrok.gif" alt="Rik et Rok" /></a>	
	<div class="infos">
	<h3 style="font-size: 1.2em">Rik&amp;Rok</h3>	
	<p style="font-size: 12px">
	La gamme ludique et savoureuse pour le plus grand bonheur de vos enfants !	
	</p>
	<a style="border: medium none ! important; padding-left: 0px ! important" href="http://www.auchandirect.fr/rayon/562314">&gt;&gt; D&eacute;couvrir</a>	
	</div>
	</li>
</ul>
</div>
<div class="promo-bottom" style="margin: 0px ! important; overflow: hidden">
<a style="background: none repeat scroll 0% 0% transparent ! important; border-left: medium none ! important; padding: 0px; margin: 0px ! important; float: left" href="http://auchandirect.photobox.fr/content/private-sales?cid=banvpi012013"><img src="http://www.auchandirect.fr/static/photobox.jpg" alt="Auchan direct photo" /></a>
<h1 style="width: 440px">Offre de bienvenue : <span> 50 tirages photos offerts</span></h1>
<a style="border: medium none ! important" href="http://auchandirect.photobox.fr/inscription?cid=banpermanente" class="btn-offre">J'y vais !</a>
</div>
</div>
</div></div></div></li></ul></div><div><script language="javascript">
var tc_vars = new Array();
/* Partie Environnement */
tc_vars["env_template"]="Sous Rayon";
tc_vars["env_work"]="prod";
tc_vars["env_channel"]="web";
tc_vars["env_language"]="français";
tc_vars["env_country"]="France";
tc_vars["env_dnt"]="disabled";
/* Partie Users */
tc_vars["user_rcw"]="";
tc_vars["user_id"]="";
tc_vars["user_gender"]="";
tc_vars["user_category"]="";
tc_vars["user_recency"]="";
tc_vars["user_frequency"]="";
tc_vars["user_amount"]="";
tc_vars["user_smb"]="";
tc_vars["user_logged"]="0";
tc_vars["user_age"]="";
tc_vars["user_scoring"]="000";
tc_vars["user_store"]="Morangis";
tc_vars["user_postalcode"]="91420";
/* Partie Tree structure */
tc_vars["page_cat1"]="nouveautes";
tc_vars["page_cat2"]="";
tc_vars["page_cat3"]="";
tc_vars["page_name"]="Courses en ligne, livraison à domicile en 24h - Auchandirect.fr";
tc_vars["page_error"]="";
/* Partie Panier */
tc_vars["order_id"]="";
tc_vars["basket_id"]="0";
tc_vars["order_amount_ati_without_sf"]="";
tc_vars["order_amount_ati_with_sf"]="";
tc_vars["order_discount_ati"]="";
tc_vars["order_ship_ati"]="";
tc_vars["order_amount_tf_without_sf"]="";
tc_vars["order_amount_tf_with_sf"]="";
tc_vars["order_discount_tf"]="";
tc_vars["order_ship_tf"]="";
tc_vars["order_newcustomer"]="";
tc_vars["order_tax"]="";
tc_vars["order_payment_methods"]="";
tc_vars["order_shipping_method"]="LAD";
tc_vars["order_status"]="";
tc_vars["order_promo_codes"]="";
tc_vars["order_currency"]="";
tc_vars["order_email"]="";
tc_vars["order_email_optin"]="";
tc_vars["order_products_number"]="0";

tc_vars["order_products"] = new Array();

/* Partie Produit */
tc_vars["product_id"]="";
tc_vars["product_id_cug"]="";
tc_vars["product_id_upsell1"]="";
tc_vars["product_id_upsell2"]="";
tc_vars["product_id_upsell3"]="";
tc_vars["product_id_crossell1"]="";
tc_vars["product_id_crossell2"]="";
tc_vars["product_id_crossell3"]="";
tc_vars["product_name"]="";
tc_vars["product_unitprice_ati"]="";
tc_vars["product_unitprice_tf"]="";
tc_vars["product_currency"]="";
tc_vars["product_trademark"]="";
tc_vars["product_url_page"]="";
tc_vars["product_url_picture"]="";
tc_vars["product_isbundle"]="";
tc_vars["product_breadcrumb_id"]="";
tc_vars["product_breadcrumb_label"]="";
tc_vars["product_rating"]="";
tc_vars["product_instock"]="";
/* Partie Liste Produit */
tc_vars["list_products"] = new Array();

tc_vars["list_products"][0] = new Array();
tc_vars["list_products"][0]["list_product_id"]="493693";
tc_vars["list_products"][0]["list_product_id_cug"]="107461";
tc_vars["list_products"][0]["list_product_id_upsell1"]="";
tc_vars["list_products"][0]["list_product_id_upsell2"]="";
tc_vars["list_products"][0]["list_product_id_upsell3"]="";
tc_vars["list_products"][0]["list_product_id_crossell1"]="";
tc_vars["list_products"][0]["list_product_id_crossell2"]="";
tc_vars["list_products"][0]["list_product_id_crossell3"]="";
tc_vars["list_products"][0]["list_product_name"]="Chocolat Lait Noisette bio";
tc_vars["list_products"][0]["list_product_unitprice_ati"]="2.69€";
tc_vars["list_products"][0]["list_product_discount_ati"]="0.00€";
tc_vars["list_products"][0]["list_product_unitprice_tf"]="2.69€";
tc_vars["list_products"][0]["list_product_currency"]="EUR";
tc_vars["list_products"][0]["list_product_trademark"]="ALTER ECO";
tc_vars["list_products"][0]["list_product_url_page"]="http://www.refonte.auchandirect.fr/detailproduit/458/107461";
tc_vars["list_products"][0]["list_product_url_picture"]="http://www.refonte.auchandirect.fr/static/images/products/detail/107461.jpg";
tc_vars["list_products"][0]["list_product_isbundle"]="N";
tc_vars["list_products"][0]["list_product_breadcrumb_id"]="458";
tc_vars["list_products"][0]["list_product_breadcrumb_label"]="Epicerie Bio";
tc_vars["list_products"][0]["list_product_rating"]="";
tc_vars["list_products"][0]["list_product_instock"]="Y";
tc_vars["list_products"][0]["list_product_totalprice_tf"]="2.69€"
tc_vars["list_products"][0]["list_product_trademark"]="ALTER ECO"

tc_vars["list_products"][1] = new Array();
tc_vars["list_products"][1]["list_product_id"]="493695";
tc_vars["list_products"][1]["list_product_id_cug"]="107534";
tc_vars["list_products"][1]["list_product_id_upsell1"]="";
tc_vars["list_products"][1]["list_product_id_upsell2"]="";
tc_vars["list_products"][1]["list_product_id_upsell3"]="";
tc_vars["list_products"][1]["list_product_id_crossell1"]="";
tc_vars["list_products"][1]["list_product_id_crossell2"]="";
tc_vars["list_products"][1]["list_product_id_crossell3"]="";
tc_vars["list_products"][1]["list_product_name"]="Chocolat Noir Orange bio";
tc_vars["list_products"][1]["list_product_unitprice_ati"]="2.25€";
tc_vars["list_products"][1]["list_product_discount_ati"]="0.00€";
tc_vars["list_products"][1]["list_product_unitprice_tf"]="2.25€";
tc_vars["list_products"][1]["list_product_currency"]="EUR";
tc_vars["list_products"][1]["list_product_trademark"]="ALTER ECO";
tc_vars["list_products"][1]["list_product_url_page"]="http://www.refonte.auchandirect.fr/detailproduit/458/107534";
tc_vars["list_products"][1]["list_product_url_picture"]="http://www.refonte.auchandirect.fr/static/images/products/detail/107534.jpg";
tc_vars["list_products"][1]["list_product_isbundle"]="N";
tc_vars["list_products"][1]["list_product_breadcrumb_id"]="458";
tc_vars["list_products"][1]["list_product_breadcrumb_label"]="Epicerie Bio";
tc_vars["list_products"][1]["list_product_rating"]="";
tc_vars["list_products"][1]["list_product_instock"]="Y";
tc_vars["list_products"][1]["list_product_totalprice_tf"]="2.25€"
tc_vars["list_products"][1]["list_product_trademark"]="ALTER ECO"

tc_vars["list_products"][2] = new Array();
tc_vars["list_products"][2]["list_product_id"]="725609";
tc_vars["list_products"][2]["list_product_id_cug"]="81042";
tc_vars["list_products"][2]["list_product_id_upsell1"]="";
tc_vars["list_products"][2]["list_product_id_upsell2"]="";
tc_vars["list_products"][2]["list_product_id_upsell3"]="";
tc_vars["list_products"][2]["list_product_id_crossell1"]="";
tc_vars["list_products"][2]["list_product_id_crossell2"]="";
tc_vars["list_products"][2]["list_product_id_crossell3"]="";
tc_vars["list_products"][2]["list_product_name"]="Anone";
tc_vars["list_products"][2]["list_product_unitprice_ati"]="1.50€";
tc_vars["list_products"][2]["list_product_discount_ati"]="0.00€";
tc_vars["list_products"][2]["list_product_unitprice_tf"]="1.50€";
tc_vars["list_products"][2]["list_product_currency"]="EUR";
tc_vars["list_products"][2]["list_product_trademark"]="ANONE";
tc_vars["list_products"][2]["list_product_url_page"]="http://www.refonte.auchandirect.fr/detailproduit/461/81042";
tc_vars["list_products"][2]["list_product_url_picture"]="http://www.refonte.auchandirect.fr/static/images/products/detail/81042.jpg";
tc_vars["list_products"][2]["list_product_isbundle"]="N";
tc_vars["list_products"][2]["list_product_breadcrumb_id"]="461";
tc_vars["list_products"][2]["list_product_breadcrumb_label"]="Fruits";
tc_vars["list_products"][2]["list_product_rating"]="";
tc_vars["list_products"][2]["list_product_instock"]="Y";
tc_vars["list_products"][2]["list_product_totalprice_tf"]="1.50€"
tc_vars["list_products"][2]["list_product_trademark"]="ANONE"

tc_vars["list_products"][3] = new Array();
tc_vars["list_products"][3]["list_product_id"]="796602";
tc_vars["list_products"][3]["list_product_id_cug"]="82011";
tc_vars["list_products"][3]["list_product_id_upsell1"]="";
tc_vars["list_products"][3]["list_product_id_upsell2"]="";
tc_vars["list_products"][3]["list_product_id_upsell3"]="";
tc_vars["list_products"][3]["list_product_id_crossell1"]="";
tc_vars["list_products"][3]["list_product_id_crossell2"]="";
tc_vars["list_products"][3]["list_product_id_crossell3"]="";
tc_vars["list_products"][3]["list_product_name"]="Asperge pointe barquette";
tc_vars["list_products"][3]["list_product_unitprice_ati"]="5.00€";
tc_vars["list_products"][3]["list_product_discount_ati"]="0.00€";
tc_vars["list_products"][3]["list_product_unitprice_tf"]="5.00€";
tc_vars["list_products"][3]["list_product_currency"]="EUR";
tc_vars["list_products"][3]["list_product_trademark"]="ASPERGE";
tc_vars["list_products"][3]["list_product_url_page"]="http://www.refonte.auchandirect.fr/detailproduit/463/82011";
tc_vars["list_products"][3]["list_product_url_picture"]="http://www.refonte.auchandirect.fr/static/images/products/detail/82011.jpg";
tc_vars["list_products"][3]["list_product_isbundle"]="N";
tc_vars["list_products"][3]["list_product_breadcrumb_id"]="463";
tc_vars["list_products"][3]["list_product_breadcrumb_label"]="Légumes";
tc_vars["list_products"][3]["list_product_rating"]="";
tc_vars["list_products"][3]["list_product_instock"]="Y";
tc_vars["list_products"][3]["list_product_totalprice_tf"]="5.00€"
tc_vars["list_products"][3]["list_product_trademark"]="ASPERGE"

tc_vars["list_products"][4] = new Array();
tc_vars["list_products"][4]["list_product_id"]="54034";
tc_vars["list_products"][4]["list_product_id_cug"]="1146";
tc_vars["list_products"][4]["list_product_id_upsell1"]="";
tc_vars["list_products"][4]["list_product_id_upsell2"]="";
tc_vars["list_products"][4]["list_product_id_upsell3"]="";
tc_vars["list_products"][4]["list_product_id_crossell1"]="";
tc_vars["list_products"][4]["list_product_id_crossell2"]="";
tc_vars["list_products"][4]["list_product_id_crossell3"]="";
tc_vars["list_products"][4]["list_product_name"]="Miettes de thon à la tomate";
tc_vars["list_products"][4]["list_product_unitprice_ati"]="1.02€";
tc_vars["list_products"][4]["list_product_discount_ati"]="0.00€";
tc_vars["list_products"][4]["list_product_unitprice_tf"]="1.02€";
tc_vars["list_products"][4]["list_product_currency"]="EUR";
tc_vars["list_products"][4]["list_product_trademark"]="AUCHAN";
tc_vars["list_products"][4]["list_product_url_page"]="http://www.refonte.auchandirect.fr/detailproduit/479/1146";
tc_vars["list_products"][4]["list_product_url_picture"]="http://www.refonte.auchandirect.fr/static/images/products/detail/1146.jpg";
tc_vars["list_products"][4]["list_product_isbundle"]="N";
tc_vars["list_products"][4]["list_product_breadcrumb_id"]="479";
tc_vars["list_products"][4]["list_product_breadcrumb_label"]="Conserves, Plats Cuisinés";
tc_vars["list_products"][4]["list_product_rating"]="";
tc_vars["list_products"][4]["list_product_instock"]="Y";
tc_vars["list_products"][4]["list_product_totalprice_tf"]="1.02€"
tc_vars["list_products"][4]["list_product_trademark"]="AUCHAN"

/* Partie Recherche */
tc_vars["search_keywords"]="";
tc_vars["search_page_number"]="";
tc_vars["search_results_number"]="";
tc_vars["search_filters"]="";
</script><script src="http://www.auchandirect.fr/static/scripts/tc_AuchanDirect_1.js" type="text/javascript"></script><NOSCRIPT><IFRAME height="1" width="1" src="http://redirect234.tagcommander.com/utils/noscript.php?id=1&amp;mode=iframe"></IFRAME></NOSCRIPT></div><div class="float-container" id="content"><div class="top-content float-container"><div class="main-content"><!-- zone edit - Bannière haute --><div class="zone-admin diff-zone"></div><!-- DEBUT DE LA BARRE TITRE --><!-- div id="wrap-liste-produits-nav" class="">
						<div id="liste-produits-nav" class="clear-container float-container">
					
							
							
							<div id="liste-produits-tri" class="float-container">
							
							<div class="titre-produits">
								<h2>
									<span class="titre-principal">
										<t:outputraw value="categoryTitle" />
									</span>
									<span class="titre-secondaire"> ${nbProductsMsg}</span>
								</h2>
							</div>
							
							<t:zone t:id="headerListZone" t:update="show">
							<form t:type="form" t:id="sortForm" t:zone="productListZone" t:autofocus="false">
							<p class="liste-produits-choix-affichage" t:type="zone" t:update="show" id="productDisplayTypeZone">
									<p class="liste-produits-choix-affichage">
										<select t:type="select" t:id="sort" class="form-select" t:blankOption="NEVER" onChange="document.getElementById('sortBySubmit').click();" />
										<input type="submit" id="sortBySubmit" style="display:none;" />
										
										<a t:type="actionlink" t:id="list" t:zone="productListZone" class="bt-liste ${pdtDisplayListStyle}">${message:category.display.type.list}</a>
										<a t:type="actionlink" t:id="thumbnail" t:zone="productListZone" class="bt-grille ${pdtDisplayGridStyle}">${message:category.display.type.thumbnail}</a>
									</p>
								</p>
								</form>
								
								</t:zone>
								
								
							</div>
							
							<ul t:type="zone" id="labelZone" t:update="show" class="liste-produits-menu menu menu-horizontal clear-container">
								<t:delegate to="labelBlock" / --><!-- liste des capsules de tri (marques) --><!-- t:block t:id="labelBlock">
									
									<li class="item">
									<t:if test="isAllSubCatActive">
											<a class="active">${message:category.sub.all}</a>
										<p:else>
											<a t:type="actionlink" t:zone="labelZone" t:id="showAll">${message:category.sub.all}</a>
										</p:else>
									</t:if>
									</li>	
										
									<t:if test="specificCategory">
										<t:loop source="categoriesAll" value="cat">
											<li class="item">
												<t:if test="isCatDisable">
													<a class="non_active">${cat.label}</a>
												<p:else>
													<t:if test="isCatActive">
														<a class="active">${cat.label}</a>
													<p:else>
														<a t:type="actionlink" t:zone="labelZone" t:id="viewCat" t:context="cat.shelfId">${cat.label}</a>
													</p:else>
													</t:if>
												</p:else>
												</t:if>
											</li>
										</t:loop>
									</t:if>	
										
									<t:unless test="specificCategory">
										<t:loop source="subCategories" value="subCat">
											<li class="item">
												<t:if test="isSubCatDisable">
													<a class="non_active">${subCat.label}</a>
												<p:else>
													<t:if test="isSubCatActive">
														<a class="active">${subCat.label}</a>
													<p:else>
														<a t:type="actionlink" t:zone="labelZone" t:id="viewSubCat" t:context="subCat.shelfId">${subCat.label}</a>
													</p:else>
													</t:if>
												</p:else>
												</t:if>
											</li>
										</t:loop>
										
										<t:if test="hasBioFilter">
											<li class="bio">
												<a t:type="actionlink" t:zone="labelZone" t:id="bioLabel">${message:category.label.bio}</a>
											</li>
										</t:if>
										
									</t:unless>
									
								<t:if test="showPromo">
									<t:if test="isPromoCatActive">
										<li class="item caseprom">
											<a class="menu-top-promos activo" title="promos">${message:specificcategory.promotions}</a>
										</li>
									<p:else>
										<li class="item">
											<a class="menu-top-promos" title="promos" t:type="actionlink" t:zone="productListZone" t:id="filterPromos">${message:specificcategory.promotions}</a>
										</li>
									</p:else>
									</t:if>
									<p:else>
										<t:if test="isNotPromoPage">
											<li class="item">
												<a class="non_active" title="promos">${message:specificcategory.promotions}</a>
											</li>
										</t:if>
									</p:else>
								</t:if>
								
								<t:if test="showNews">
									<t:if test="isNewsCatActive">
										<li class="item">
											<a class="menu-top-nouveautes activon" title="nouveautes">${message:specificcategory.news}</a>
										</li>
									<p:else>
										<li class="item">
											<a class="menu-top-nouveautes" title="nouveautes" t:type="actionlink" t:zone="productListZone" t:id="filterNews">${message:specificcategory.news}</a>
										</li>
									</p:else>
									</t:if>
									<p:else>
										<t:if test="isNotNewsPage">
											<li class="item">
												<a class="non_active" title="nouveautes">${message:specificcategory.news}</a>
											</li>
										</t:if>
									</p:else>
								</t:if>
								
								<t:if test="showPdtAuchan">
									<t:if test="isAuchanCatActive">
										<li class="item">
											<a class="menu-top-produits-auchan activen" title="produits Auchan">${message:specificcategory.retailer_brand}</a>
										</li>
										<p:else>
											<li class="item">
												<a class="menu-top-produits-auchan" title="produits Auchan" t:type="actionlink" t:zone="productListZone" t:id="filterAuchan">${message:specificcategory.retailer_brand}</a>
											</li>
										</p:else>
									</t:if>
									<p:else>
										<t:if test="isNotAuchanPage">
											<li class="item">
												<a class="non_active" title="produits Auchan">${message:specificcategory.retailer_brand}</a>
											</li>
										</t:if>
									</p:else>
								</t:if>
								</t:block>
						</ul>
						</div>
						
						<div class="clear"></div>
						
						<t:zone t:id="moreProductListZone" t:update="show">
						<t:if test="!specificCategory">
								<t:if test="brands">
										<t:if test="isBrandFilterExpanded">
											<p class="link_hide_marque" style="display: block;">
											<a t:type="actionlink" t:zone="labelZone" t:id="hideAllBrands" title="${message:category.brands.hide.title}">${maskAllBrandsLink}</a>
											<img src="/static/images/down_arrow.png" />
											</p>
											
												<ul id="" class="liste-produits-menu menu menu-horizontal clear-container marques_liste" style="display: block;">
													<t:loop source="brands" value="brand">
														<li class="item">
															<t:if test="isBrandDisable">
																<a class="non_active">${brand}</a>
															<p:else>
																<t:if test="isBrandActive">
																	<a class="active">${brand}</a>
																<p:else>
																	<a t:type="actionlink" t:zone="labelZone" t:id="viewBrand" t:context="brand">${brand}</a>
																</p:else>
																</t:if>
															</p:else>
															</t:if>
														</li>
													</t:loop>
												</ul>
											
										<p:else>
											<p class="link_show_marque" style="display: block;">
											<a t:type="actionlink" t:zone="labelZone" t:id="viewAllBrands" title="${viewAllBrandsTitle}">${viewAllBrandsLink}</a>
											<img src="/static/images/down_arrow.png" />
											</p>
										</p:else>
										</t:if>
								</t:if>
							</t:if>
						</t:zone>
						
						</div --><!-- FIN DE LA BARRE TITRE --><div><!-- ***************** DEBUT DU BLOC TITRE ***************** --><div class="" id="wrap-liste-produits-nav"><div class="clear-container float-container" id="liste-produits-nav"><div class="float-container" id="liste-produits-tri"><div class="titre-produits"><h1><span class="titre-principal">Nouveautés</span><span class="titre-secondaire"> - 148 produits</span></h1></div><div class="t-zone" id="headerListZone"><form onsubmit="javascript:Tapestry.waitForPage(event);" action="http://www.auchandirect.fr/rayon.productgridorlist.sortform" method="post" id="sortForm" name="sortForm"><div class="t-invisible"><input value="nouveautes" name="t:ac" type="hidden"></input><input value="H4sIAAAAAAAAAJXOMZJBQRCA4aaIZKpkWxuRjoTERhKR2lJeOUC/eeMZNaanuvvtchknUC4hkLnDHmBTkQA3IP2T/zv8Q/P3Ez7muKM4SkxFZbVkXxAHL2qEWIVhSFwaTGhXzigmJ8q7obHELvjc5CjOjPNHRKsT70LRzZxWqbc4tf4651sdalNoWYrKFL5x4xTa0zX+YD9gLPuZso/l1zYpNJ6/Fzzjdz0zJutEsirfeBFP8XQsBsvr/lIH2KY7aUKP/AYBAAA=" name="t:formdata" type="hidden"></input></div><p class="liste-produits-choix-affichage t-zone" id="productDisplayTypeZone"><p class="liste-produits-choix-affichage"><select onChange="document.getElementById('sortBySubmit').click();" class="form-select" id="sort" name="sort"><option selected="selected" value="MARQUE_ASC">Trier par marque A-Z</option><option value="MARQUE_DESC">Trier par marque Z-A</option><option value="PRICE_ASC">Trier du moins cher au plus cher</option><option value="PRICE_DESC">Trier du plus cher au moins cher</option><option value="PRICEQTE_ASC">Trier par prix/quantité croissant</option><option value="PRICEQTE_DESC">Trier par prix/quantité décroissant</option></select><img id="sort-icon" class="t-error-icon t-invisible" alt="" src="http://www.auchandirect.fr/assets/tapestry/5.1.0.5/spacer.gif"/><input style="display: none;" id="sortBySubmit" value="Valider" type="submit"></input><a id="list" onclick="javascript:Tapestry.waitForPage(event);" class="bt-liste " href="rayon.productgridorlist.list%3Ft:ac=nouveautes.html">en liste</a><a id="thumbnail" onclick="javascript:Tapestry.waitForPage(event);" class="bt-grille active" href="rayon.productgridorlist.thumbnail%3Ft:ac=nouveautes.html">en grille</a></p></p></form></div></div><ul class="liste-produits-menu menu menu-horizontal clear-container t-zone" id="labelZone"><li class="item"><a class="active">TOUS</a></li><li class="item"><a id="viewCat" onclick="javascript:Tapestry.waitForPage(event);" href="http://www.auchandirect.fr/rayon.productgridorlist.viewcat/404?t:ac=nouveautes">Marché</a></li><li class="item"><a id="viewCat_0" onclick="javascript:Tapestry.waitForPage(event);" href="http://www.auchandirect.fr/rayon.productgridorlist.viewcat/408?t:ac=nouveautes">Produits laitiers, Œufs</a></li><li class="item"><a id="viewCat_1" onclick="javascript:Tapestry.waitForPage(event);" href="http://www.auchandirect.fr/rayon.productgridorlist.viewcat/407?t:ac=nouveautes">Charcuterie Traiteur</a></li><li class="item"><a id="viewCat_2" onclick="javascript:Tapestry.waitForPage(event);" href="http://www.auchandirect.fr/rayon.productgridorlist.viewcat/406?t:ac=nouveautes">Surgelés</a></li><li class="item"><a id="viewCat_3" onclick="javascript:Tapestry.waitForPage(event);" href="http://www.auchandirect.fr/rayon.productgridorlist.viewcat/413?t:ac=nouveautes">Epicerie Salée</a></li><li class="item"><a id="viewCat_4" onclick="javascript:Tapestry.waitForPage(event);" href="http://www.auchandirect.fr/rayon.productgridorlist.viewcat/409?t:ac=nouveautes">Petit-Déjeuner Epicerie Sucrée</a></li><li class="item"><a id="viewCat_5" onclick="javascript:Tapestry.waitForPage(event);" href="http://www.auchandirect.fr/rayon.productgridorlist.viewcat/411?t:ac=nouveautes">Boissons</a></li><li class="item"><a id="viewCat_6" onclick="javascript:Tapestry.waitForPage(event);" href="http://www.auchandirect.fr/rayon.productgridorlist.viewcat/410?t:ac=nouveautes">Bébé</a></li><li class="item"><a id="viewCat_7" onclick="javascript:Tapestry.waitForPage(event);" href="http://www.auchandirect.fr/rayon.productgridorlist.viewcat/405?t:ac=nouveautes">Bio Ecolo</a></li><li class="item"><a id="viewCat_8" onclick="javascript:Tapestry.waitForPage(event);" href="http://www.auchandirect.fr/rayon.productgridorlist.viewcat/412?t:ac=nouveautes">Hygiène Beauté</a></li><li class="item"><a id="viewCat_9" onclick="javascript:Tapestry.waitForPage(event);" href="http://www.auchandirect.fr/rayon.productgridorlist.viewcat/414?t:ac=nouveautes">Entretien</a></li><li class="item"><a id="viewCat_10" onclick="javascript:Tapestry.waitForPage(event);" href="http://www.auchandirect.fr/rayon.productgridorlist.viewcat/415?t:ac=nouveautes">Animaux Maison</a></li><li class="item"><a id="filterPromos" onclick="javascript:Tapestry.waitForPage(event);" title="promos" class="menu-top-promos" href="rayon.productgridorlist.filterpromos%3Ft:ac=nouveautes.html">Promotions</a></li><li class="item"><a id="filterAuchan" onclick="javascript:Tapestry.waitForPage(event);" title="produits Auchan" class="menu-top-produits-auchan" href="rayon.productgridorlist.filterauchan%3Ft:ac=nouveautes.html">Produits Auchan</a></li><!-- liste des capsules de tri (marques) --></ul></div><div class="clear"></div><div class="t-zone" id="moreProductListZone"></div></div><!-- ***************** FIN DU BLOC TITRE ***************** --><div class="t-zone" id="productListZone"><div class="liste clear-container" id="liste-produits-grille"><div class="pro-ecolo"><h1>Marché</h1></div><table><tr><td><div class="bloc-produit nouveaute"><div class="bloc-produit-content   "><a title="Voir le produit" href="march%25C3%25A9/fruits/anone/id1/461/81042.html"><img src="http://www.auchandirect.fr/static/images/products/line/81042.jpg" alt="" class="produit "/></a><div class="picto"><span class="invisible"></span></div><img alt="nouveauté" src="http://www.auchandirect.fr/static/images/ruban-nouveaute_small.png" class="ruban"/><div class="boutons-produit"><a id="addProductToBasket" onclick="javascript:Tapestry.waitForPage(event);" title="Ajouter au panier" class="bt-produit-ajout-panier" href="http://www.auchandirect.fr/rayon.productgridorlist.productlist.thumbnailproduct.addproducttobasket/81042?t:ac=nouveautes"><span>Ajouter au panier</span></a><a id="addProductToShoppingList" onclick="javascript:Tapestry.waitForPage(event);" title="Ajouter à ma liste" class="bt-produit-ajout-liste" href="http://www.auchandirect.fr/rayon.productgridorlist.productlist.thumbnailproduct.addproducttoshoppinglist/81042?t:ac=nouveautes">Ajouter à ma liste</a></div><div class="infos-produit-1"><div class="prix-actuel"><span>1.50€</span></div></div><div class="infos-produit-2"><a title="Voir le produit" href="march%25C3%25A9/fruits/anone/id1/461/81042.html"><h3>ANONE</h3><h4>Anone</h4><h4></h4><p>
x 1
<br/>
1.50€/kg
</p></a></div><div class="mini_picto_bas"><!-- FIXME IDEM --><span class="com.atosworldline.ri.auchan.direct.front.tapestry.data.multimedia.Picture@6139c997 pictoListing txtImg">XXXXX</span></div></div></div></td><td><div class="bloc-produit nouveaute"><div class="bloc-produit-content   "><a title="Voir le produit" href="march%25C3%25A9/l%25C3%25A9gumes/asperge-pointe-barquette/id1/463/82011.html"><img src="http://www.auchandirect.fr/static/images/products/line/82011.jpg" alt="" class="produit "/></a><div class="picto"><span class="invisible"></span></div><img alt="nouveauté" src="http://www.auchandirect.fr/static/images/ruban-nouveaute_small.png" class="ruban"/><div class="boutons-produit"><a id="addProductToBasket_0" onclick="javascript:Tapestry.waitForPage(event);" title="Ajouter au panier" class="bt-produit-ajout-panier" href="http://www.auchandirect.fr/rayon.productgridorlist.productlist.thumbnailproduct.addproducttobasket/82011?t:ac=nouveautes"><span>Ajouter au panier</span></a><a id="addProductToShoppingList_0" onclick="javascript:Tapestry.waitForPage(event);" title="Ajouter à ma liste" class="bt-produit-ajout-liste" href="http://www.auchandirect.fr/rayon.productgridorlist.productlist.thumbnailproduct.addproducttoshoppinglist/82011?t:ac=nouveautes">Ajouter à ma liste</a></div><div class="infos-produit-1"><div class="prix-actuel"><span>5.00€</span></div></div><div class="infos-produit-2"><a title="Voir le produit" href="march%25C3%25A9/l%25C3%25A9gumes/asperge-pointe-barquette/id1/463/82011.html"><h3>ASPERGE</h3><h4>Asperge pointe barquette</h4><h4>Origine France ou Espagne</h4><p>
250 g
<br/>
0.02€/kg
</p></a></div><div class="mini_picto_bas"><!-- FIXME IDEM --><span class="com.atosworldline.ri.auchan.direct.front.tapestry.data.multimedia.Picture@1348db13 pictoListing txtImg">XXXXX</span></div></div></div></td><td><div class="bloc-produit nouveaute"><div class="bloc-produit-content   "><a title="Voir le produit" href="march%25C3%25A9/fruits/amandes-en-poudre/id1/461/82604.html"><img src="http://www.auchandirect.fr/static/images/products/line/82604.jpg" alt="" class="produit "/></a><div class="picto"><span class="invisible"></span></div><img alt="nouveauté" src="http://www.auchandirect.fr/static/images/ruban-nouveaute_small.png" class="ruban"/><div class="boutons-produit"><a id="addProductToBasket_1" onclick="javascript:Tapestry.waitForPage(event);" title="Ajouter au panier" class="bt-produit-ajout-panier" href="http://www.auchandirect.fr/rayon.productgridorlist.productlist.thumbnailproduct.addproducttobasket/82604?t:ac=nouveautes"><span>Ajouter au panier</span></a><a id="addProductToShoppingList_1" onclick="javascript:Tapestry.waitForPage(event);" title="Ajouter à ma liste" class="bt-produit-ajout-liste" href="http://www.auchandirect.fr/rayon.productgridorlist.productlist.thumbnailproduct.addproducttoshoppinglist/82604?t:ac=nouveautes">Ajouter à ma liste</a></div><div class="infos-produit-1"><div class="prix-actuel"><span>1.79€</span></div></div><div class="infos-produit-2"><a title="Voir le produit" href="march%25C3%25A9/fruits/amandes-en-poudre/id1/461/82604.html"><h3>AUCHAN</h3><h4>Amandes en poudre</h4><h4></h4><p>
125 g
<br/>
14.32€/kg
</p></a></div><div class="mini_picto_bas"><!-- FIXME IDEM --><span class="com.atosworldline.ri.auchan.direct.front.tapestry.data.multimedia.Picture@56244d24 pictoListing txtImg">XXXXX</span></div></div></div></td></tr><tr><td><div class="bloc-produit nouveaute"><div class="bloc-produit-content   "><a title="Voir le produit" href="march%25C3%25A9/l%25C3%25A9gumes/avocat-barquette-pr%25C3%25AAts-%25C3%25A0-d%25C3%25A9guster/id1/463/80518.html"><img src="http://www.auchandirect.fr/static/images/products/line/80518.jpg" alt="" class="produit "/></a><div class="picto"><span class="invisible"></span></div><img alt="nouveauté" src="http://www.auchandirect.fr/static/images/ruban-nouveaute_small.png" class="ruban"/><div class="boutons-produit"><a id="addProductToBasket_2" onclick="javascript:Tapestry.waitForPage(event);" title="Ajouter au panier" class="bt-produit-ajout-panier" href="http://www.auchandirect.fr/rayon.productgridorlist.productlist.thumbnailproduct.addproducttobasket/80518?t:ac=nouveautes"><span>Ajouter au panier</span></a><a id="addProductToShoppingList_2" onclick="javascript:Tapestry.waitForPage(event);" title="Ajouter à ma liste" class="bt-produit-ajout-liste" href="http://www.auchandirect.fr/rayon.productgridorlist.productlist.thumbnailproduct.addproducttoshoppinglist/80518?t:ac=nouveautes">Ajouter à ma liste</a></div><div class="infos-produit-1"><div class="prix-actuel"><span>2.50€</span></div></div><div class="infos-produit-2"><a title="Voir le produit" href="march%25C3%25A9/l%25C3%25A9gumes/avocat-barquette-pr%25C3%25AAts-%25C3%25A0-d%25C3%25A9guster/id1/463/80518.html"><h3>AVOCAT</h3><h4>Avocat barquette prêts à déguster</h4><h4>Origine Pérou</h4><p>
2 pièces
</p></a></div><div class="mini_picto_bas"><!-- FIXME IDEM --><span class="com.atosworldline.ri.auchan.direct.front.tapestry.data.multimedia.Picture@335ca6a8 pictoListing txtImg">XXXXX</span></div></div></div></td><td><div class="bloc-produit nouveaute"><div class="bloc-produit-content   "><a title="Voir le produit" href="march%25C3%25A9/l%25C3%25A9gumes/carotte-des-sables/id1/463/89857.html"><img src="http://www.auchandirect.fr/static/images/products/line/89857.jpg" alt="" class="produit "/></a><div class="picto"><span class="invisible"></span></div><img alt="nouveauté" src="http://www.auchandirect.fr/static/images/ruban-nouveaute_small.png" class="ruban"/><div class="boutons-produit"><a id="addProductToBasket_3" onclick="javascript:Tapestry.waitForPage(event);" title="Ajouter au panier" class="bt-produit-ajout-panier" href="http://www.auchandirect.fr/rayon.productgridorlist.productlist.thumbnailproduct.addproducttobasket/89857?t:ac=nouveautes"><span>Ajouter au panier</span></a><a id="addProductToShoppingList_3" onclick="javascript:Tapestry.waitForPage(event);" title="Ajouter à ma liste" class="bt-produit-ajout-liste" href="http://www.auchandirect.fr/rayon.productgridorlist.productlist.thumbnailproduct.addproducttoshoppinglist/89857?t:ac=nouveautes">Ajouter à ma liste</a></div><div class="infos-produit-1"><div class="prix-actuel"><span>2.49€</span></div></div><div class="infos-produit-2"><a title="Voir le produit" href="march%25C3%25A9/l%25C3%25A9gumes/carotte-des-sables/id1/463/89857.html"><h3>CAROTTE</h3><h4>Carotte des sables</h4><h4>Origine France</h4><p>

<br/>
2.49€/kg
</p></a></div><div class="mini_picto_bas"><!-- FIXME IDEM --><span class="com.atosworldline.ri.auchan.direct.front.tapestry.data.multimedia.Picture@71b3e4f3 pictoListing txtImg">XXXXX</span></div></div></div></td><td><div class="bloc-produit promotion"><div class="bloc-produit-content   "><a title="Voir le produit" href="march%25C3%25A9/fruits/fraise-gariguette/id1/461/13851.html"><img src="http://www.auchandirect.fr/static/images/products/line/13851.jpg" alt="" class="produit "/></a><div class="picto"><span class="invisible"></span></div><img src="http://www.auchandirect.fr/static/images/prix-choc_small.png" class="ruban"/><div class="boutons-produit"><a id="addProductToBasket_4" onclick="javascript:Tapestry.waitForPage(event);" title="Ajouter au panier" class="bt-produit-ajout-panier" href="http://www.auchandirect.fr/rayon.productgridorlist.productlist.thumbnailproduct.addproducttobasket/13851?t:ac=nouveautes"><span>Ajouter au panier</span></a><a id="addProductToShoppingList_4" onclick="javascript:Tapestry.waitForPage(event);" title="Ajouter à ma liste" class="bt-produit-ajout-liste" href="http://www.auchandirect.fr/rayon.productgridorlist.productlist.thumbnailproduct.addproducttoshoppinglist/13851?t:ac=nouveautes">Ajouter à ma liste</a></div><div class="infos-produit-1"><div class="prix-old">4.50€</div><div class="prix-promo">2.49€</div></div><div class="infos-produit-2"><a title="Voir le produit" href="march%25C3%25A9/fruits/fraise-gariguette/id1/461/13851.html"><h3>FRAISE</h3><h4>Fraise Gariguette</h4><h4>Origine France</h4><p>
250 g
<br/>
9.96€/kg
</p></a></div><div class="mini_picto_bas"><!-- FIXME IDEM --><span class="com.atosworldline.ri.auchan.direct.front.tapestry.data.multimedia.Picture@68e055ad pictoListing txtImg">XXXXX</span></div></div></div></td></tr><tr><td><div class="bloc-produit nouveaute"><div class="bloc-produit-content   "><a title="Voir le produit" href="march%25C3%25A9/fruits/fraise-rang%25C3%25A9e/id1/461/97583.html"><img src="http://www.auchandirect.fr/static/images/products/line/97583.jpg" alt="" class="produit "/></a><div class="picto"><span class="invisible"></span></div><img alt="nouveauté" src="http://www.auchandirect.fr/static/images/ruban-nouveaute_small.png" class="ruban"/><div class="boutons-produit"><a id="addProductToBasket_5" onclick="javascript:Tapestry.waitForPage(event);" title="Ajouter au panier" class="bt-produit-ajout-panier" href="http://www.auchandirect.fr/rayon.productgridorlist.productlist.thumbnailproduct.addproducttobasket/97583?t:ac=nouveautes"><span>Ajouter au panier</span></a><a id="addProductToShoppingList_5" onclick="javascript:Tapestry.waitForPage(event);" title="Ajouter à ma liste" class="bt-produit-ajout-liste" href="http://www.auchandirect.fr/rayon.productgridorlist.productlist.thumbnailproduct.addproducttoshoppinglist/97583?t:ac=nouveautes">Ajouter à ma liste</a></div><div class="infos-produit-1"><div class="prix-actuel"><span>5.20€</span></div></div><div class="infos-produit-2"><a title="Voir le produit" href="march%25C3%25A9/fruits/fraise-rang%25C3%25A9e/id1/461/97583.html"><h3>FRAISE</h3><h4>Fraise rangée</h4><h4>Origine Espagne</h4><p>
1 Kg
<br/>
5.20€/kg
</p></a></div><div class="mini_picto_bas"><!-- FIXME IDEM --><span class="com.atosworldline.ri.auchan.direct.front.tapestry.data.multimedia.Picture@2e3d2865 pictoListing txtImg">XXXXX</span></div></div></div></td><td><div class="bloc-produit nouveaute"><div class="bloc-produit-content   "><a title="Voir le produit" href="march%25C3%25A9/fruits/melon-jaune/id1/461/81345.html"><img src="http://www.auchandirect.fr/static/images/products/line/81345.jpg" alt="" class="produit "/></a><div class="picto"><span class="invisible"></span></div><img alt="nouveauté" src="http://www.auchandirect.fr/static/images/ruban-nouveaute_small.png" class="ruban"/><div class="boutons-produit"><a id="addProductToBasket_6" onclick="javascript:Tapestry.waitForPage(event);" title="Ajouter au panier" class="bt-produit-ajout-panier" href="http://www.auchandirect.fr/rayon.productgridorlist.productlist.thumbnailproduct.addproducttobasket/81345?t:ac=nouveautes"><span>Ajouter au panier</span></a><a id="addProductToShoppingList_6" onclick="javascript:Tapestry.waitForPage(event);" title="Ajouter à ma liste" class="bt-produit-ajout-liste" href="http://www.auchandirect.fr/rayon.productgridorlist.productlist.thumbnailproduct.addproducttoshoppinglist/81345?t:ac=nouveautes">Ajouter à ma liste</a></div><div class="infos-produit-1"><div class="prix-actuel"><span>4.20€</span></div></div><div class="infos-produit-2"><a title="Voir le produit" href="march%25C3%25A9/fruits/melon-jaune/id1/461/81345.html"><h3>MELON</h3><h4>Melon jaune</h4><h4>Origine Brésil</h4><p>
1 pièce
<br/>
4.20€/pièce
</p></a></div><div class="mini_picto_bas"><!-- FIXME IDEM --><span class="com.atosworldline.ri.auchan.direct.front.tapestry.data.multimedia.Picture@3cab6ba4 pictoListing txtImg">XXXXX</span></div></div></div></td><td><div class="bloc-produit nouveaute"><div class="bloc-produit-content   "><a title="Voir le produit" href="march%25C3%25A9/l%25C3%25A9gumes/navet-500-g/id1/463/57340.html"><img src="http://www.auchandirect.fr/static/images/products/line/57340.jpg" alt="" class="produit "/></a><div class="picto"><span class="invisible"></span></div><img alt="nouveauté" src="http://www.auchandirect.fr/static/images/ruban-nouveaute_small.png" class="ruban"/><div class="boutons-produit"><a id="addProductToBasket_7" onclick="javascript:Tapestry.waitForPage(event);" title="Ajouter au panier" class="bt-produit-ajout-panier" href="http://www.auchandirect.fr/rayon.productgridorlist.productlist.thumbnailproduct.addproducttobasket/57340?t:ac=nouveautes"><span>Ajouter au panier</span></a><a id="addProductToShoppingList_7" onclick="javascript:Tapestry.waitForPage(event);" title="Ajouter à ma liste" class="bt-produit-ajout-liste" href="http://www.auchandirect.fr/rayon.productgridorlist.productlist.thumbnailproduct.addproducttoshoppinglist/57340?t:ac=nouveautes">Ajouter à ma liste</a></div><div class="infos-produit-1"><div class="prix-actuel"><span>1.75€</span></div></div><div class="infos-produit-2"><a title="Voir le produit" href="march%25C3%25A9/l%25C3%25A9gumes/navet-500-g/id1/463/57340.html"><h3>NAVET</h3><h4>Navet 500 g</h4><h4>Origine France</h4><p>

<br/>
3.50€/kg
</p></a></div><div class="mini_picto_bas"><!-- FIXME IDEM --><span class="com.atosworldline.ri.auchan.direct.front.tapestry.data.multimedia.Picture@5bf2d5d8 pictoListing txtImg">XXXXX</span></div></div></div></td></tr><tr><td><div class="bloc-produit nouveaute"><div class="bloc-produit-content   "><a title="Voir le produit" href="march%25C3%25A9/l%25C3%25A9gumes/oignon/id1/463/81824.html"><img src="http://www.auchandirect.fr/static/images/products/line/81824.jpg" alt="" class="produit "/></a><div class="picto"><span class="invisible"></span></div><img alt="nouveauté" src="http://www.auchandirect.fr/static/images/ruban-nouveaute_small.png" class="ruban"/><div class="boutons-produit"><a id="addProductToBasket_8" onclick="javascript:Tapestry.waitForPage(event);" title="Ajouter au panier" class="bt-produit-ajout-panier" href="http://www.auchandirect.fr/rayon.productgridorlist.productlist.thumbnailproduct.addproducttobasket/81824?t:ac=nouveautes"><span>Ajouter au panier</span></a><a id="addProductToShoppingList_8" onclick="javascript:Tapestry.waitForPage(event);" title="Ajouter à ma liste" class="bt-produit-ajout-liste" href="http://www.auchandirect.fr/rayon.productgridorlist.productlist.thumbnailproduct.addproducttoshoppinglist/81824?t:ac=nouveautes">Ajouter à ma liste</a></div><div class="infos-produit-1"><div class="prix-actuel"><span>3.90€</span></div></div><div class="infos-produit-2"><a title="Voir le produit" href="march%25C3%25A9/l%25C3%25A9gumes/oignon/id1/463/81824.html"><h3>OIGNON</h3><h4>Oignon</h4><h4>Origine France</h4><p>
5 kg
<br/>
0.78€/kg
</p></a></div><div class="mini_picto_bas"><!-- FIXME IDEM --><span class="com.atosworldline.ri.auchan.direct.front.tapestry.data.multimedia.Picture@4782b813 pictoListing txtImg">XXXXX</span></div></div></div></td><td><div class="bloc-produit nouveaute"><div class="bloc-produit-content   "><a title="Voir le produit" href="march%25C3%25A9/fruits/orange-sanguine-vari%25C3%25A9t%25C3%25A9-moro/id1/461/81362.html"><img src="http://www.auchandirect.fr/static/images/products/line/81362.jpg" alt="" class="produit "/></a><div class="picto"><span class="invisible"></span></div><img alt="nouveauté" src="http://www.auchandirect.fr/static/images/ruban-nouveaute_small.png" class="ruban"/><div class="boutons-produit"><a id="addProductToBasket_9" onclick="javascript:Tapestry.waitForPage(event);" title="Ajouter au panier" class="bt-produit-ajout-panier" href="http://www.auchandirect.fr/rayon.productgridorlist.productlist.thumbnailproduct.addproducttobasket/81362?t:ac=nouveautes"><span>Ajouter au panier</span></a><a id="addProductToShoppingList_9" onclick="javascript:Tapestry.waitForPage(event);" title="Ajouter à ma liste" class="bt-produit-ajout-liste" href="http://www.auchandirect.fr/rayon.productgridorlist.productlist.thumbnailproduct.addproducttoshoppinglist/81362?t:ac=nouveautes">Ajouter à ma liste</a></div><div class="infos-produit-1"><div class="prix-actuel"><span>3.50€</span></div></div><div class="infos-produit-2"><a title="Voir le produit" href="march%25C3%25A9/fruits/orange-sanguine-vari%25C3%25A9t%25C3%25A9-moro/id1/461/81362.html"><h3>ORANGE</h3><h4>Orange sanguine variété Moro</h4><h4>Origine Italie</h4><p>
2 kg
<br/>
1.75€/kg
</p></a></div><div class="mini_picto_bas"><!-- FIXME IDEM --><span class="com.atosworldline.ri.auchan.direct.front.tapestry.data.multimedia.Picture@2fb34700 pictoListing txtImg">XXXXX</span></div></div></div></td><td><div class="bloc-produit nouveaute"><div class="bloc-produit-content   "><a title="Voir le produit" href="march%25C3%25A9/fruits/orange-sanguinelli/id1/461/111119.html"><img src="http://www.auchandirect.fr/static/images/products/line/111119.jpg" alt="" class="produit "/></a><div class="picto"><span class="invisible"></span></div><img alt="nouveauté" src="http://www.auchandirect.fr/static/images/ruban-nouveaute_small.png" class="ruban"/><div class="boutons-produit"><a id="addProductToBasket_10" onclick="javascript:Tapestry.waitForPage(event);" title="Ajouter au panier" class="bt-produit-ajout-panier" href="http://www.auchandirect.fr/rayon.productgridorlist.productlist.thumbnailproduct.addproducttobasket/111119?t:ac=nouveautes"><span>Ajouter au panier</span></a><a id="addProductToShoppingList_10" onclick="javascript:Tapestry.waitForPage(event);" title="Ajouter à ma liste" class="bt-produit-ajout-liste" href="http://www.auchandirect.fr/rayon.productgridorlist.productlist.thumbnailproduct.addproducttoshoppinglist/111119?t:ac=nouveautes">Ajouter à ma liste</a></div><div class="infos-produit-1"><div class="prix-actuel"><span>2.90€</span></div></div><div class="infos-produit-2"><a title="Voir le produit" href="march%25C3%25A9/fruits/orange-sanguinelli/id1/461/111119.html"><h3>ORANGE</h3><h4>Orange sanguinelli</h4><h4>Origine Espagne</h4><p>
1 kg
<br/>
2.90€/kg
</p></a></div><div class="mini_picto_bas"><!-- FIXME IDEM --><span class="com.atosworldline.ri.auchan.direct.front.tapestry.data.multimedia.Picture@22f73d77 pictoListing txtImg">XXXXX</span></div></div></div></td></tr><tr><td><div class="bloc-produit nouveaute"><div class="bloc-produit-content   "><a title="Voir le produit" href="march%25C3%25A9/l%25C3%25A9gumes/pack-choy-emball%25C3%25A9/id1/463/108934.html"><img src="http://www.auchandirect.fr/static/images/products/line/108934.jpg" alt="" class="produit "/></a><div class="picto"><span class="invisible"></span></div><img alt="nouveauté" src="http://www.auchandirect.fr/static/images/ruban-nouveaute_small.png" class="ruban"/><div class="boutons-produit"><a id="addProductToBasket_11" onclick="javascript:Tapestry.waitForPage(event);" title="Ajouter au panier" class="bt-produit-ajout-panier" href="http://www.auchandirect.fr/rayon.productgridorlist.productlist.thumbnailproduct.addproducttobasket/108934?t:ac=nouveautes"><span>Ajouter au panier</span></a><a id="addProductToShoppingList_11" onclick="javascript:Tapestry.waitForPage(event);" title="Ajouter à ma liste" class="bt-produit-ajout-liste" href="http://www.auchandirect.fr/rayon.productgridorlist.productlist.thumbnailproduct.addproducttoshoppinglist/108934?t:ac=nouveautes">Ajouter à ma liste</a></div><div class="infos-produit-1"><div class="prix-actuel"><span>1.49€</span></div></div><div class="infos-produit-2"><a title="Voir le produit" href="march%25C3%25A9/l%25C3%25A9gumes/pack-choy-emball%25C3%25A9/id1/463/108934.html"><h3>PACK CHOY</h3><h4>Pack choy emballé</h4><h4>Origine Espagne</h4><p>
x 1
<br/>
1.49€/pièce
</p></a></div><div class="mini_picto_bas"><!-- FIXME IDEM --><span class="com.atosworldline.ri.auchan.direct.front.tapestry.data.multimedia.Picture@70e534db pictoListing txtImg">XXXXX</span></div></div></div></td><td><div class="bloc-produit nouveaute"><div class="bloc-produit-content   "><a title="Voir le produit" href="march%25C3%25A9/l%25C3%25A9gumes/poivron-rouge/id1/463/81649.html"><img src="http://www.auchandirect.fr/static/images/products/line/81649.jpg" alt="" class="produit "/></a><div class="picto"><span class="invisible"></span></div><img alt="nouveauté" src="http://www.auchandirect.fr/static/images/ruban-nouveaute_small.png" class="ruban"/><div class="boutons-produit"><a id="addProductToBasket_12" onclick="javascript:Tapestry.waitForPage(event);" title="Ajouter au panier" class="bt-produit-ajout-panier" href="http://www.auchandirect.fr/rayon.productgridorlist.productlist.thumbnailproduct.addproducttobasket/81649?t:ac=nouveautes"><span>Ajouter au panier</span></a><a id="addProductToShoppingList_12" onclick="javascript:Tapestry.waitForPage(event);" title="Ajouter à ma liste" class="bt-produit-ajout-liste" href="http://www.auchandirect.fr/rayon.productgridorlist.productlist.thumbnailproduct.addproducttoshoppinglist/81649?t:ac=nouveautes">Ajouter à ma liste</a></div><div class="infos-produit-1"><div class="prix-actuel"><span>0.75€</span></div></div><div class="infos-produit-2"><a title="Voir le produit" href="march%25C3%25A9/l%25C3%25A9gumes/poivron-rouge/id1/463/81649.html"><h3>POIVRON</h3><h4>Poivron rouge</h4><h4>Origine Espagne</h4><p>

<br/>
0.75€/pièce
</p></a></div><div class="mini_picto_bas"><!-- FIXME IDEM --><span class="com.atosworldline.ri.auchan.direct.front.tapestry.data.multimedia.Picture@333e01e3 pictoListing txtImg">XXXXX</span></div></div></div></td><td><div class="bloc-produit nouveaute"><div class="bloc-produit-content   "><a title="Voir le produit" href="march%25C3%25A9/l%25C3%25A9gumes/poivron-vert/id1/463/81529.html"><img src="http://www.auchandirect.fr/static/images/products/line/81529.jpg" alt="" class="produit "/></a><div class="picto"><span class="invisible"></span></div><img alt="nouveauté" src="http://www.auchandirect.fr/static/images/ruban-nouveaute_small.png" class="ruban"/><div class="boutons-produit"><a id="addProductToBasket_13" onclick="javascript:Tapestry.waitForPage(event);" title="Ajouter au panier" class="bt-produit-ajout-panier" href="http://www.auchandirect.fr/rayon.productgridorlist.productlist.thumbnailproduct.addproducttobasket/81529?t:ac=nouveautes"><span>Ajouter au panier</span></a><a id="addProductToShoppingList_13" onclick="javascript:Tapestry.waitForPage(event);" title="Ajouter à ma liste" class="bt-produit-ajout-liste" href="http://www.auchandirect.fr/rayon.productgridorlist.productlist.thumbnailproduct.addproducttoshoppinglist/81529?t:ac=nouveautes">Ajouter à ma liste</a></div><div class="infos-produit-1"><div class="prix-actuel"><span>0.75€</span></div></div><div class="infos-produit-2"><a title="Voir le produit" href="march%25C3%25A9/l%25C3%25A9gumes/poivron-vert/id1/463/81529.html"><h3>POIVRON</h3><h4>Poivron Vert</h4><h4>Origine Espagne</h4><p>
x 1
<br/>
0.75€/pièce
</p></a></div><div class="mini_picto_bas"><!-- FIXME IDEM --><span class="com.atosworldline.ri.auchan.direct.front.tapestry.data.multimedia.Picture@2b4286a6 pictoListing txtImg">XXXXX</span></div></div></div></td></tr><tr><td><div class="bloc-produit nouveaute"><div class="bloc-produit-content   "><a title="Voir le produit" href="march%25C3%25A9/fruits/pomme-golden-sachet/id1/461/81128.html"><img src="http://www.auchandirect.fr/static/images/products/line/81128.jpg" alt="" class="produit "/></a><div class="picto"><span class="invisible"></span></div><img alt="nouveauté" src="http://www.auchandirect.fr/static/images/ruban-nouveaute_small.png" class="ruban"/><div class="boutons-produit"><a id="addProductToBasket_14" onclick="javascript:Tapestry.waitForPage(event);" title="Ajouter au panier" class="bt-produit-ajout-panier" href="http://www.auchandirect.fr/rayon.productgridorlist.productlist.thumbnailproduct.addproducttobasket/81128?t:ac=nouveautes"><span>Ajouter au panier</span></a><a id="addProductToShoppingList_14" onclick="javascript:Tapestry.waitForPage(event);" title="Ajouter à ma liste" class="bt-produit-ajout-liste" href="http://www.auchandirect.fr/rayon.productgridorlist.productlist.thumbnailproduct.addproducttoshoppinglist/81128?t:ac=nouveautes">Ajouter à ma liste</a></div><div class="infos-produit-1"><div class="prix-actuel"><span>3.29€</span></div></div><div class="infos-produit-2"><a title="Voir le produit" href="march%25C3%25A9/fruits/pomme-golden-sachet/id1/461/81128.html"><h3>POMME</h3><h4>Pomme Golden sachet</h4><h4>Origine France</h4><p>
1,5 kg
<br/>
2.19€/kg
</p></a></div><div class="mini_picto_bas"><!-- FIXME IDEM --><span class="com.atosworldline.ri.auchan.direct.front.tapestry.data.multimedia.Picture@7adb2f50 pictoListing txtImg">XXXXX</span></div></div></div></td><td><div class="bloc-produit nouveaute"><div class="bloc-produit-content   "><a title="Voir le produit" href="march%25C3%25A9/fruits/pomme-pink-lady/id1/461/107766.html"><img src="http://www.auchandirect.fr/static/images/products/line/107766.jpg" alt="" class="produit "/></a><div class="picto"><span class="invisible"></span></div><img alt="nouveauté" src="http://www.auchandirect.fr/static/images/ruban-nouveaute_small.png" class="ruban"/><div class="boutons-produit"><a id="addProductToBasket_15" onclick="javascript:Tapestry.waitForPage(event);" title="Ajouter au panier" class="bt-produit-ajout-panier" href="http://www.auchandirect.fr/rayon.productgridorlist.productlist.thumbnailproduct.addproducttobasket/107766?t:ac=nouveautes"><span>Ajouter au panier</span></a><a id="addProductToShoppingList_15" onclick="javascript:Tapestry.waitForPage(event);" title="Ajouter à ma liste" class="bt-produit-ajout-liste" href="http://www.auchandirect.fr/rayon.productgridorlist.productlist.thumbnailproduct.addproducttoshoppinglist/107766?t:ac=nouveautes">Ajouter à ma liste</a></div><div class="infos-produit-1"><div class="prix-actuel"><span>4.49€</span></div></div><div class="infos-produit-2"><a title="Voir le produit" href="march%25C3%25A9/fruits/pomme-pink-lady/id1/461/107766.html"><h3>POMME</h3><h4>Pomme Pink lady</h4><h4>Origine France</h4><p>
1 kg
<br/>
4.49€/kg
</p></a></div><div class="mini_picto_bas"><!-- FIXME IDEM --><span class="com.atosworldline.ri.auchan.direct.front.tapestry.data.multimedia.Picture@21e45fcd pictoListing txtImg">XXXXX</span></div></div></div></td><td><div class="bloc-produit nouveaute"><div class="bloc-produit-content   "><a title="Voir le produit" href="march%25C3%25A9/l%25C3%25A9gumes/pomme-de-terre/id1/463/82588.html"><img src="http://www.auchandirect.fr/static/images/products/line/82588.jpg" alt="" class="produit "/></a><div class="picto"><span class="invisible"></span></div><img alt="nouveauté" src="http://www.auchandirect.fr/static/images/ruban-nouveaute_small.png" class="ruban"/><div class="boutons-produit"><a id="addProductToBasket_16" onclick="javascript:Tapestry.waitForPage(event);" title="Ajouter au panier" class="bt-produit-ajout-panier" href="http://www.auchandirect.fr/rayon.productgridorlist.productlist.thumbnailproduct.addproducttobasket/82588?t:ac=nouveautes"><span>Ajouter au panier</span></a><a id="addProductToShoppingList_16" onclick="javascript:Tapestry.waitForPage(event);" title="Ajouter à ma liste" class="bt-produit-ajout-liste" href="http://www.auchandirect.fr/rayon.productgridorlist.productlist.thumbnailproduct.addproducttoshoppinglist/82588?t:ac=nouveautes">Ajouter à ma liste</a></div><div class="infos-produit-1"><div class="prix-actuel"><span>2.00€</span></div></div><div class="infos-produit-2"><a title="Voir le produit" href="march%25C3%25A9/l%25C3%25A9gumes/pomme-de-terre/id1/463/82588.html"><h3>POMME DE TERRE</h3><h4>Pomme de terre</h4><h4>Origine France</h4><p>
1 kg
<br/>
2.00€/kg
</p></a></div><div class="mini_picto_bas"><!-- FIXME IDEM --><span class="com.atosworldline.ri.auchan.direct.front.tapestry.data.multimedia.Picture@171bf33 pictoListing txtImg">XXXXX</span></div></div></div></td></tr><tr><td><div class="bloc-produit nouveaute"><div class="bloc-produit-content   "><a title="Voir le produit" href="march%25C3%25A9/l%25C3%25A9gumes/pomme-de-terre-four/id1/463/81891.html"><img src="http://www.auchandirect.fr/static/images/products/line/81891.jpg" alt="" class="produit "/></a><div class="picto"><span class="invisible"></span></div><img alt="nouveauté" src="http://www.auchandirect.fr/static/images/ruban-nouveaute_small.png" class="ruban"/><div class="boutons-produit"><a id="addProductToBasket_17" onclick="javascript:Tapestry.waitForPage(event);" title="Ajouter au panier" class="bt-produit-ajout-panier" href="http://www.auchandirect.fr/rayon.productgridorlist.productlist.thumbnailproduct.addproducttobasket/81891?t:ac=nouveautes"><span>Ajouter au panier</span></a><a id="addProductToShoppingList_17" onclick="javascript:Tapestry.waitForPage(event);" title="Ajouter à ma liste" class="bt-produit-ajout-liste" href="http://www.auchandirect.fr/rayon.productgridorlist.productlist.thumbnailproduct.addproducttoshoppinglist/81891?t:ac=nouveautes">Ajouter à ma liste</a></div><div class="infos-produit-1"><div class="prix-actuel"><span>3.30€</span></div></div><div class="infos-produit-2"><a title="Voir le produit" href="march%25C3%25A9/l%25C3%25A9gumes/pomme-de-terre-four/id1/463/81891.html"><h3>POMME DE TERRE</h3><h4>Pomme de terre four</h4><h4></h4><p>
2.5 kg
<br/>
3.30€/kg
</p></a></div><div class="mini_picto_bas"><!-- FIXME IDEM --><span class="com.atosworldline.ri.auchan.direct.front.tapestry.data.multimedia.Picture@4f5857fc pictoListing txtImg">XXXXX</span></div></div></div></td><td><div class="bloc-produit nouveaute"><div class="bloc-produit-content   "><a title="Voir le produit" href="march%25C3%25A9/l%25C3%25A9gumes/radis-blanc/id1/463/82146.html"><img src="http://www.auchandirect.fr/static/images/products/line/82146.jpg" alt="" class="produit "/></a><div class="picto"><span class="invisible"></span></div><img alt="nouveauté" src="http://www.auchandirect.fr/static/images/ruban-nouveaute_small.png" class="ruban"/><div class="boutons-produit"><a id="addProductToBasket_18" onclick="javascript:Tapestry.waitForPage(event);" title="Ajouter au panier" class="bt-produit-ajout-panier" href="http://www.auchandirect.fr/rayon.productgridorlist.productlist.thumbnailproduct.addproducttobasket/82146?t:ac=nouveautes"><span>Ajouter au panier</span></a><a id="addProductToShoppingList_18" onclick="javascript:Tapestry.waitForPage(event);" title="Ajouter à ma liste" class="bt-produit-ajout-liste" href="http://www.auchandirect.fr/rayon.productgridorlist.productlist.thumbnailproduct.addproducttoshoppinglist/82146?t:ac=nouveautes">Ajouter à ma liste</a></div><div class="infos-produit-1"><div class="prix-actuel"><span>1.95€</span></div></div><div class="infos-produit-2"><a title="Voir le produit" href="march%25C3%25A9/l%25C3%25A9gumes/radis-blanc/id1/463/82146.html"><h3>RADIS</h3><h4>Radis blanc</h4><h4></h4><p>
x 1
<br/>
1.95€/pièce
</p></a></div><div class="mini_picto_bas"><!-- FIXME IDEM --><span class="com.atosworldline.ri.auchan.direct.front.tapestry.data.multimedia.Picture@63439248 pictoListing txtImg">XXXXX</span></div></div></div></td><td></td></tr></table><div class="pro-ecolo"><h1>Produits laitiers, Œufs</h1></div><table><tr><td><div class="bloc-produit nouveaute"><div class="bloc-produit-content   "><a title="Voir le produit" href="produits-laitiers,-%25C5%2593ufs/yaourts,-desserts/mousse-li%25C3%25A9geoise/id1/464/80145.html"><img src="http://www.auchandirect.fr/static/images/products/line/80145.jpg" alt="" class="produit "/></a><div class="picto"><span class="invisible"></span></div><img alt="nouveauté" src="http://www.auchandirect.fr/static/images/ruban-nouveaute_small.png" class="ruban"/><div class="boutons-produit"><a id="addProductToBasket_19" onclick="javascript:Tapestry.waitForPage(event);" title="Ajouter au panier" class="bt-produit-ajout-panier" href="http://www.auchandirect.fr/rayon.productgridorlist.productlist.thumbnailproduct.addproducttobasket/80145?t:ac=nouveautes"><span>Ajouter au panier</span></a><a id="addProductToShoppingList_19" onclick="javascript:Tapestry.waitForPage(event);" title="Ajouter à ma liste" class="bt-produit-ajout-liste" href="http://www.auchandirect.fr/rayon.productgridorlist.productlist.thumbnailproduct.addproducttoshoppinglist/80145?t:ac=nouveautes">Ajouter à ma liste</a></div><div class="infos-produit-1"><div class="prix-actuel"><span>2.25€</span></div></div><div class="infos-produit-2"><a title="Voir le produit" href="produits-laitiers,-%25C5%2593ufs/yaourts,-desserts/mousse-li%25C3%25A9geoise/id1/464/80145.html"><h3>DANETTE</h3><h4>Mousse liégeoise</h4><h4>Café</h4><p>
8 x 80 g
<br/>
3.52€/kg
</p></a></div><div class="mini_picto_bas"><!-- FIXME IDEM --><span class="com.atosworldline.ri.auchan.direct.front.tapestry.data.multimedia.Picture@5e606514 pictoListing txtImg">XXXXX</span><!-- FIXME IDEM --><span class="com.atosworldline.ri.auchan.direct.front.tapestry.data.multimedia.Picture@a8c3474 pictoListing txtImg">XXXXX</span></div></div></div></td><td><div class="bloc-produit nouveaute bientot-dispo"><div class="bloc-produit-content   "><a title="Voir le produit" href="produits-laitiers,-%25C5%2593ufs/cr%25C3%25A9merie,-oeufs/mayonnaise-fine-aux-oeufs-frais/id1/459/15268.html"><img src="http://www.auchandirect.fr/static/images/products/line/15268.jpg" alt="" class="produit "/></a><div class="picto"><span class="invisible"></span></div><img alt="nouveauté" src="http://www.auchandirect.fr/static/images/ruban-nouveaute_small.png" class="ruban"/><div class="boutons-produit"><a class="bt-produit-ajout-panier disable" title="Bientôt disponible" href="javascript:void(0)"><span>Bientôt disponible</span></a><a id="addProductToShoppingList_20" onclick="javascript:Tapestry.waitForPage(event);" title="Ajouter à ma liste" class="bt-produit-ajout-liste" href="http://www.auchandirect.fr/rayon.productgridorlist.productlist.thumbnailproduct.addproducttoshoppinglist/15268?t:ac=nouveautes">Ajouter à ma liste</a></div><div class="infos-produit-1"><div class="prix-actuel"><span>2.58€</span></div></div><div class="infos-produit-2"><a title="Voir le produit" href="produits-laitiers,-%25C5%2593ufs/cr%25C3%25A9merie,-oeufs/mayonnaise-fine-aux-oeufs-frais/id1/459/15268.html"><h3>MAILLE</h3><h4>Mayonnaise fine aux oeufs frais</h4><h4></h4><p>
2 x 125 g
<br/>
10.32€/kg
</p></a></div><div class="mini_picto_bas"><!-- FIXME IDEM --><span class="com.atosworldline.ri.auchan.direct.front.tapestry.data.multimedia.Picture@30507e0f pictoListing txtImg">XXXXX</span><!-- FIXME IDEM --><span class="com.atosworldline.ri.auchan.direct.front.tapestry.data.multimedia.Picture@74842390 pictoListing txtImg">XXXXX</span></div></div></div></td><td><div class="bloc-produit nouveaute"><div class="bloc-produit-content   "><a title="Voir le produit" href="produits-laitiers,-%25C5%2593ufs/yaourts,-desserts/yaourts-saveur-sp%25C3%25A9culos/id1/464/102598.html"><img src="http://www.auchandirect.fr/static/images/products/line/102598.jpg" alt="" class="produit "/></a><div class="picto"><span class="invisible"></span></div><img alt="nouveauté" src="http://www.auchandirect.fr/static/images/ruban-nouveaute_small.png" class="ruban"/><div class="boutons-produit"><a id="addProductToBasket_20" onclick="javascript:Tapestry.waitForPage(event);" title="Ajouter au panier" class="bt-produit-ajout-panier" href="http://www.auchandirect.fr/rayon.productgridorlist.productlist.thumbnailproduct.addproducttobasket/102598?t:ac=nouveautes"><span>Ajouter au panier</span></a><a id="addProductToShoppingList_21" onclick="javascript:Tapestry.waitForPage(event);" title="Ajouter à ma liste" class="bt-produit-ajout-liste" href="http://www.auchandirect.fr/rayon.productgridorlist.productlist.thumbnailproduct.addproducttoshoppinglist/102598?t:ac=nouveautes">Ajouter à ma liste</a></div><div class="infos-produit-1"><div class="prix-actuel"><span>1.94€</span></div></div><div class="infos-produit-2"><a title="Voir le produit" href="produits-laitiers,-%25C5%2593ufs/yaourts,-desserts/yaourts-saveur-sp%25C3%25A9culos/id1/464/102598.html"><h3>SVELTESSE</h3><h4>Yaourts saveur spéculos</h4><h4></h4><p>
4 x 125 g
<br/>
3.88€/kg
</p></a></div><div class="mini_picto_bas"><!-- FIXME IDEM --><span class="com.atosworldline.ri.auchan.direct.front.tapestry.data.multimedia.Picture@499943aa pictoListing txtImg">XXXXX</span><!-- FIXME IDEM --><span class="com.atosworldline.ri.auchan.direct.front.tapestry.data.multimedia.Picture@6d2973a5 pictoListing txtImg">XXXXX</span></div></div></div></td></tr><tr><td></td><td></td><td></td></tr></table><div class="pro-ecolo"><h1>Charcuterie Traiteur</h1></div><table><tr><td><div class="bloc-produit nouveaute"><div class="bloc-produit-content   "><a title="Voir le produit" href="charcuterie-traiteur/charcuterie/saucisson-st-agaune/id1/468/104746.html"><img src="http://www.auchandirect.fr/static/images/products/line/104746.jpg" alt="" class="produit "/></a><div class="picto"><span class="invisible"></span></div><img alt="nouveauté" src="http://www.auchandirect.fr/static/images/ruban-nouveaute_small.png" class="ruban"/><div class="boutons-produit"><a id="addProductToBasket_21" onclick="javascript:Tapestry.waitForPage(event);" title="Ajouter au panier" class="bt-produit-ajout-panier" href="http://www.auchandirect.fr/rayon.productgridorlist.productlist.thumbnailproduct.addproducttobasket/104746?t:ac=nouveautes"><span>Ajouter au panier</span></a><a id="addProductToShoppingList_22" onclick="javascript:Tapestry.waitForPage(event);" title="Ajouter à ma liste" class="bt-produit-ajout-liste" href="http://www.auchandirect.fr/rayon.productgridorlist.productlist.thumbnailproduct.addproducttoshoppinglist/104746?t:ac=nouveautes">Ajouter à ma liste</a></div><div class="infos-produit-1"><div class="prix-actuel"><span>4.39€</span></div></div><div class="infos-produit-2"><a title="Voir le produit" href="charcuterie-traiteur/charcuterie/saucisson-st-agaune/id1/468/104746.html"><h3>BORDEAU CHESNEL</h3><h4>Saucisson St Agaune</h4><h4>OFFRE DECOUVERTE</h4><p>
200 g
<br/>
4.39€/kg
</p></a></div><div class="mini_picto_bas"><!-- FIXME IDEM --><span class="com.atosworldline.ri.auchan.direct.front.tapestry.data.multimedia.Picture@41751898 pictoListing txtImg">XXXXX</span><!-- FIXME IDEM --><span class="com.atosworldline.ri.auchan.direct.front.tapestry.data.multimedia.Picture@6ea1c4ba pictoListing txtImg">XXXXX</span></div></div></div></td><td><div class="bloc-produit nouveaute"><div class="bloc-produit-content   "><a title="Voir le produit" href="charcuterie-traiteur/charcuterie/bacon-en-tranche/id1/468/86512.html"><img src="http://www.auchandirect.fr/static/images/products/line/86512.jpg" alt="" class="produit "/></a><div class="picto"><span class="invisible"></span></div><img alt="nouveauté" src="http://www.auchandirect.fr/static/images/ruban-nouveaute_small.png" class="ruban"/><div class="boutons-produit"><a id="addProductToBasket_22" onclick="javascript:Tapestry.waitForPage(event);" title="Ajouter au panier" class="bt-produit-ajout-panier" href="http://www.auchandirect.fr/rayon.productgridorlist.productlist.thumbnailproduct.addproducttobasket/86512?t:ac=nouveautes"><span>Ajouter au panier</span></a><a id="addProductToShoppingList_23" onclick="javascript:Tapestry.waitForPage(event);" title="Ajouter à ma liste" class="bt-produit-ajout-liste" href="http://www.auchandirect.fr/rayon.productgridorlist.productlist.thumbnailproduct.addproducttoshoppinglist/86512?t:ac=nouveautes">Ajouter à ma liste</a></div><div class="infos-produit-1"><div class="prix-actuel"><span>1.59€</span></div></div><div class="infos-produit-2"><a title="Voir le produit" href="charcuterie-traiteur/charcuterie/bacon-en-tranche/id1/468/86512.html"><h3>JEAN CABY</h3><h4>Bacon en tranche</h4><h4></h4><p>
100 g
<br/>
15.90€/kg
</p></a></div><div class="mini_picto_bas"><!-- FIXME IDEM --><span class="com.atosworldline.ri.auchan.direct.front.tapestry.data.multimedia.Picture@2a02c6ec pictoListing txtImg">XXXXX</span></div></div></div></td><td><div class="bloc-produit nouveaute"><div class="bloc-produit-content   "><a title="Voir le produit" href="charcuterie-traiteur/charcuterie/rosette-10-tranches/id1/468/86508.html"><img src="http://www.auchandirect.fr/static/images/products/line/86508.jpg" alt="" class="produit "/></a><div class="picto"><span class="invisible"></span></div><img alt="nouveauté" src="http://www.auchandirect.fr/static/images/ruban-nouveaute_small.png" class="ruban"/><div class="boutons-produit"><a id="addProductToBasket_23" onclick="javascript:Tapestry.waitForPage(event);" title="Ajouter au panier" class="bt-produit-ajout-panier" href="http://www.auchandirect.fr/rayon.productgridorlist.productlist.thumbnailproduct.addproducttobasket/86508?t:ac=nouveautes"><span>Ajouter au panier</span></a><a id="addProductToShoppingList_24" onclick="javascript:Tapestry.waitForPage(event);" title="Ajouter à ma liste" class="bt-produit-ajout-liste" href="http://www.auchandirect.fr/rayon.productgridorlist.productlist.thumbnailproduct.addproducttoshoppinglist/86508?t:ac=nouveautes">Ajouter à ma liste</a></div><div class="infos-produit-1"><div class="prix-actuel"><span>1.59€</span></div></div><div class="infos-produit-2"><a title="Voir le produit" href="charcuterie-traiteur/charcuterie/rosette-10-tranches/id1/468/86508.html"><h3>JEAN CABY</h3><h4>Rosette 10 tranches</h4><h4></h4><p>
100 g
<br/>
15.90€/kg
</p></a></div><div class="mini_picto_bas"><!-- FIXME IDEM --><span class="com.atosworldline.ri.auchan.direct.front.tapestry.data.multimedia.Picture@35e860c6 pictoListing txtImg">XXXXX</span></div></div></div></td></tr><tr><td></td><td></td><td></td></tr></table><div class="pro-ecolo"><h1>Surgelés</h1></div><table><tr><td><div class="bloc-produit nouveaute"><div class="bloc-produit-content   "><a title="Voir le produit" href="surgel%25C3%25A9s/l%25C3%25A9gumes,-pommes-de-terre,-herbes/l%25C3%25A9gumes-ratatouille/id1/469/95611.html"><img src="http://www.auchandirect.fr/static/images/products/line/95611.jpg" alt="" class="produit "/></a><div class="picto"><span class="invisible"></span></div><img alt="nouveauté" src="http://www.auchandirect.fr/static/images/ruban-nouveaute_small.png" class="ruban"/><div class="boutons-produit"><a id="addProductToBasket_24" onclick="javascript:Tapestry.waitForPage(event);" title="Ajouter au panier" class="bt-produit-ajout-panier" href="http://www.auchandirect.fr/rayon.productgridorlist.productlist.thumbnailproduct.addproducttobasket/95611?t:ac=nouveautes"><span>Ajouter au panier</span></a><a id="addProductToShoppingList_25" onclick="javascript:Tapestry.waitForPage(event);" title="Ajouter à ma liste" class="bt-produit-ajout-liste" href="http://www.auchandirect.fr/rayon.productgridorlist.productlist.thumbnailproduct.addproducttoshoppinglist/95611?t:ac=nouveautes">Ajouter à ma liste</a></div><div class="infos-produit-1"><div class="prix-actuel"><span>1.79€</span></div></div><div class="infos-produit-2"><a title="Voir le produit" href="surgel%25C3%25A9s/l%25C3%25A9gumes,-pommes-de-terre,-herbes/l%25C3%25A9gumes-ratatouille/id1/469/95611.html"><h3>AUCHAN</h3><h4>Légumes ratatouille</h4><h4></h4><p>
1 kg
<br/>
1.79€/kg
</p></a></div><div class="mini_picto_bas"><!-- FIXME IDEM --><span class="com.atosworldline.ri.auchan.direct.front.tapestry.data.multimedia.Picture@37cd1233 pictoListing txtImg">XXXXX</span></div></div></div></td><td><div class="bloc-produit nouveaute"><div class="bloc-produit-content   "><a title="Voir le produit" href="surgel%25C3%25A9s/ap%25C3%25A9ritifs,-entr%25C3%25A9es,-snacks/cheesburgers/id1/472/87333.html"><img src="http://www.auchandirect.fr/static/images/products/line/87333.jpg" alt="" class="produit "/></a><div class="picto"><span class="invisible"></span></div><img alt="nouveauté" src="http://www.auchandirect.fr/static/images/ruban-nouveaute_small.png" class="ruban"/><div class="boutons-produit"><a id="addProductToBasket_25" onclick="javascript:Tapestry.waitForPage(event);" title="Ajouter au panier" class="bt-produit-ajout-panier" href="http://www.auchandirect.fr/rayon.productgridorlist.productlist.thumbnailproduct.addproducttobasket/87333?t:ac=nouveautes"><span>Ajouter au panier</span></a><a id="addProductToShoppingList_26" onclick="javascript:Tapestry.waitForPage(event);" title="Ajouter à ma liste" class="bt-produit-ajout-liste" href="http://www.auchandirect.fr/rayon.productgridorlist.productlist.thumbnailproduct.addproducttoshoppinglist/87333?t:ac=nouveautes">Ajouter à ma liste</a></div><div class="infos-produit-1"><div class="prix-actuel"><span>4.49€</span></div></div><div class="infos-produit-2"><a title="Voir le produit" href="surgel%25C3%25A9s/ap%25C3%25A9ritifs,-entr%25C3%25A9es,-snacks/cheesburgers/id1/472/87333.html"><h3>AUCHAN</h3><h4>Cheesburgers</h4><h4></h4><p>
780 g
<br/>
5.76€/kg
</p></a></div><div class="mini_picto_bas"><!-- FIXME IDEM --><span class="com.atosworldline.ri.auchan.direct.front.tapestry.data.multimedia.Picture@4a2639e6 pictoListing txtImg">XXXXX</span></div></div></div></td><td><div class="bloc-produit nouveaute"><div class="bloc-produit-content   "><a title="Voir le produit" href="surgel%25C3%25A9s/ap%25C3%25A9ritifs,-entr%25C3%25A9es,-snacks/assortiment-4-vari%25C3%25A9t%25C3%25A9s-d'amuses-bouche/id1/472/86381.html"><img src="http://www.auchandirect.fr/static/images/products/line/86381.jpg" alt="" class="produit "/></a><div class="picto"><span class="invisible"></span></div><img alt="nouveauté" src="http://www.auchandirect.fr/static/images/ruban-nouveaute_small.png" class="ruban"/><div class="boutons-produit"><a id="addProductToBasket_26" onclick="javascript:Tapestry.waitForPage(event);" title="Ajouter au panier" class="bt-produit-ajout-panier" href="http://www.auchandirect.fr/rayon.productgridorlist.productlist.thumbnailproduct.addproducttobasket/86381?t:ac=nouveautes"><span>Ajouter au panier</span></a><a id="addProductToShoppingList_27" onclick="javascript:Tapestry.waitForPage(event);" title="Ajouter à ma liste" class="bt-produit-ajout-liste" href="http://www.auchandirect.fr/rayon.productgridorlist.productlist.thumbnailproduct.addproducttoshoppinglist/86381?t:ac=nouveautes">Ajouter à ma liste</a></div><div class="infos-produit-1"><div class="prix-actuel"><span>3.99€</span></div></div><div class="infos-produit-2"><a title="Voir le produit" href="surgel%25C3%25A9s/ap%25C3%25A9ritifs,-entr%25C3%25A9es,-snacks/assortiment-4-vari%25C3%25A9t%25C3%25A9s-d'amuses-bouche/id1/472/86381.html"><h3>BROSSARD</h3><h4>Assortiment 4 variétés d'amuses bouche</h4><h4></h4><p>
x 34, 375 g
</p></a></div><div class="mini_picto_bas"><!-- FIXME IDEM --><span class="com.atosworldline.ri.auchan.direct.front.tapestry.data.multimedia.Picture@4f53ec7e pictoListing txtImg">XXXXX</span></div></div></div></td></tr><tr><td></td><td></td><td></td></tr></table><div class="pro-ecolo"><h1>Epicerie Salée</h1></div><table><tr><td><div class="bloc-produit nouveaute"><div class="bloc-produit-content   "><a title="Voir le produit" href="epicerie-sal%25C3%25A9e/conserves,-plats-cuisin%25C3%25A9s/miettes-de-thon-%25C3%25A0-la-tomate/id1/479/1146.html"><img src="http://www.auchandirect.fr/static/images/products/line/1146.jpg" alt="" class="produit "/></a><div class="picto"><span class="invisible"></span></div><img alt="nouveauté" src="http://www.auchandirect.fr/static/images/ruban-nouveaute_small.png" class="ruban"/><div class="boutons-produit"><a id="addProductToBasket_27" onclick="javascript:Tapestry.waitForPage(event);" title="Ajouter au panier" class="bt-produit-ajout-panier" href="http://www.auchandirect.fr/rayon.productgridorlist.productlist.thumbnailproduct.addproducttobasket/1146?t:ac=nouveautes"><span>Ajouter au panier</span></a><a id="addProductToShoppingList_28" onclick="javascript:Tapestry.waitForPage(event);" title="Ajouter à ma liste" class="bt-produit-ajout-liste" href="http://www.auchandirect.fr/rayon.productgridorlist.productlist.thumbnailproduct.addproducttoshoppinglist/1146?t:ac=nouveautes">Ajouter à ma liste</a></div><div class="infos-produit-1"><div class="prix-actuel"><span>1.02€</span></div></div><div class="infos-produit-2"><a title="Voir le produit" href="epicerie-sal%25C3%25A9e/conserves,-plats-cuisin%25C3%25A9s/miettes-de-thon-%25C3%25A0-la-tomate/id1/479/1146.html"><h3>AUCHAN</h3><h4>Miettes de thon à la tomate</h4><h4></h4><p>
160 g
<br/>
6.38€/kg
</p></a></div><div class="mini_picto_bas"></div></div></div></td><td><div class="bloc-produit nouveaute"><div class="bloc-produit-content   "><a title="Voir le produit" href="epicerie-sal%25C3%25A9e/p%25C3%25A2tes,-riz,-pur%25C3%25A9es/penne-rigate/id1/480/2772.html"><img src="http://www.auchandirect.fr/static/images/products/line/2772.jpg" alt="" class="produit "/></a><div class="picto"><span class="invisible"></span></div><img alt="nouveauté" src="http://www.auchandirect.fr/static/images/ruban-nouveaute_small.png" class="ruban"/><div class="boutons-produit"><a id="addProductToBasket_28" onclick="javascript:Tapestry.waitForPage(event);" title="Ajouter au panier" class="bt-produit-ajout-panier" href="http://www.auchandirect.fr/rayon.productgridorlist.productlist.thumbnailproduct.addproducttobasket/2772?t:ac=nouveautes"><span>Ajouter au panier</span></a><a id="addProductToShoppingList_29" onclick="javascript:Tapestry.waitForPage(event);" title="Ajouter à ma liste" class="bt-produit-ajout-liste" href="http://www.auchandirect.fr/rayon.productgridorlist.productlist.thumbnailproduct.addproducttoshoppinglist/2772?t:ac=nouveautes">Ajouter à ma liste</a></div><div class="infos-produit-1"><div class="prix-actuel"><span>0.98€</span></div></div><div class="infos-produit-2"><a title="Voir le produit" href="epicerie-sal%25C3%25A9e/p%25C3%25A2tes,-riz,-pur%25C3%25A9es/penne-rigate/id1/480/2772.html"><h3>AUCHAN</h3><h4>Penne Rigate</h4><h4></h4><p>
500 g
<br/>
1.96€/kg
</p></a></div><div class="mini_picto_bas"></div></div></div></td><td><div class="bloc-produit nouveaute"><div class="bloc-produit-content   "><a title="Voir le produit" href="epicerie-sal%25C3%25A9e/sauces,-condiments/vinaigrette-olive-&amp;-citron/id1/482/37637.html"><img src="http://www.auchandirect.fr/static/images/products/line/37637.jpg" alt="" class="produit "/></a><div class="picto"><span class="invisible"></span></div><img alt="nouveauté" src="http://www.auchandirect.fr/static/images/ruban-nouveaute_small.png" class="ruban"/><div class="boutons-produit"><a id="addProductToBasket_29" onclick="javascript:Tapestry.waitForPage(event);" title="Ajouter au panier" class="bt-produit-ajout-panier" href="http://www.auchandirect.fr/rayon.productgridorlist.productlist.thumbnailproduct.addproducttobasket/37637?t:ac=nouveautes"><span>Ajouter au panier</span></a><a id="addProductToShoppingList_30" onclick="javascript:Tapestry.waitForPage(event);" title="Ajouter à ma liste" class="bt-produit-ajout-liste" href="http://www.auchandirect.fr/rayon.productgridorlist.productlist.thumbnailproduct.addproducttoshoppinglist/37637?t:ac=nouveautes">Ajouter à ma liste</a></div><div class="infos-produit-1"><div class="prix-actuel"><span>1.23€</span></div></div><div class="infos-produit-2"><a title="Voir le produit" href="epicerie-sal%25C3%25A9e/sauces,-condiments/vinaigrette-olive-&amp;-citron/id1/482/37637.html"><h3>AUCHAN</h3><h4>Vinaigrette Olive &amp; Citron</h4><h4></h4><p>
50 cl
<br/>
2.46€/l
</p></a></div><div class="mini_picto_bas"></div></div></div></td></tr><tr><td><div class="bloc-produit nouveaute"><div class="bloc-produit-content   "><a title="Voir le produit" href="epicerie-sal%25C3%25A9e/p%25C3%25A2tes,-riz,-pur%25C3%25A9es/torti-tricolore-qualit%25C3%25A9-sup%25C3%25A9rieure/id1/480/75140.html"><img src="http://www.auchandirect.fr/static/images/products/line/75140.jpg" alt="" class="produit "/></a><div class="picto"><span class="invisible"></span></div><img alt="nouveauté" src="http://www.auchandirect.fr/static/images/ruban-nouveaute_small.png" class="ruban"/><div class="boutons-produit"><a id="addProductToBasket_30" onclick="javascript:Tapestry.waitForPage(event);" title="Ajouter au panier" class="bt-produit-ajout-panier" href="http://www.auchandirect.fr/rayon.productgridorlist.productlist.thumbnailproduct.addproducttobasket/75140?t:ac=nouveautes"><span>Ajouter au panier</span></a><a id="addProductToShoppingList_31" onclick="javascript:Tapestry.waitForPage(event);" title="Ajouter à ma liste" class="bt-produit-ajout-liste" href="http://www.auchandirect.fr/rayon.productgridorlist.productlist.thumbnailproduct.addproducttoshoppinglist/75140?t:ac=nouveautes">Ajouter à ma liste</a></div><div class="infos-produit-1"><div class="prix-actuel"><span>1.08€</span></div></div><div class="infos-produit-2"><a title="Voir le produit" href="epicerie-sal%25C3%25A9e/p%25C3%25A2tes,-riz,-pur%25C3%25A9es/torti-tricolore-qualit%25C3%25A9-sup%25C3%25A9rieure/id1/480/75140.html"><h3>AUCHAN</h3><h4>Torti tricolore qualité supérieure</h4><h4></h4><p>
500
<br/>
2.16€/kg
</p></a></div><div class="mini_picto_bas"></div></div></div></td><td><div class="bloc-produit nouveaute"><div class="bloc-produit-content   "><a title="Voir le produit" href="epicerie-sal%25C3%25A9e/p%25C3%25A2tes,-riz,-pur%25C3%25A9es/p%25C3%25A2tes-alphabet-de-qualit%25C3%25A9-sup%25C3%25A9rieure/id1/480/75697.html"><img src="http://www.auchandirect.fr/static/images/products/line/75697.jpg" alt="" class="produit "/></a><div class="picto"><span class="invisible"></span></div><img alt="nouveauté" src="http://www.auchandirect.fr/static/images/ruban-nouveaute_small.png" class="ruban"/><div class="boutons-produit"><a id="addProductToBasket_31" onclick="javascript:Tapestry.waitForPage(event);" title="Ajouter au panier" class="bt-produit-ajout-panier" href="http://www.auchandirect.fr/rayon.productgridorlist.productlist.thumbnailproduct.addproducttobasket/75697?t:ac=nouveautes"><span>Ajouter au panier</span></a><a id="addProductToShoppingList_32" onclick="javascript:Tapestry.waitForPage(event);" title="Ajouter à ma liste" class="bt-produit-ajout-liste" href="http://www.auchandirect.fr/rayon.productgridorlist.productlist.thumbnailproduct.addproducttoshoppinglist/75697?t:ac=nouveautes">Ajouter à ma liste</a></div><div class="infos-produit-1"><div class="prix-actuel"><span>1.02€</span></div></div><div class="infos-produit-2"><a title="Voir le produit" href="epicerie-sal%25C3%25A9e/p%25C3%25A2tes,-riz,-pur%25C3%25A9es/p%25C3%25A2tes-alphabet-de-qualit%25C3%25A9-sup%25C3%25A9rieure/id1/480/75697.html"><h3>AUCHAN</h3><h4>Pâtes alphabet de qualité supérieure</h4><h4></h4><p>
500 g
<br/>
2.04€/kg
</p></a></div><div class="mini_picto_bas"></div></div></div></td><td><div class="bloc-produit nouveaute"><div class="bloc-produit-content   "><a title="Voir le produit" href="epicerie-sal%25C3%25A9e/p%25C3%25A2tes,-riz,-pur%25C3%25A9es/coquillettes-p%25C3%25A2tes-d'alsace/id1/480/72799.html"><img src="http://www.auchandirect.fr/static/images/products/line/72799.jpg" alt="" class="produit "/></a><div class="picto"><span class="invisible"></span></div><img alt="nouveauté" src="http://www.auchandirect.fr/static/images/ruban-nouveaute_small.png" class="ruban"/><div class="boutons-produit"><a id="addProductToBasket_32" onclick="javascript:Tapestry.waitForPage(event);" title="Ajouter au panier" class="bt-produit-ajout-panier" href="http://www.auchandirect.fr/rayon.productgridorlist.productlist.thumbnailproduct.addproducttobasket/72799?t:ac=nouveautes"><span>Ajouter au panier</span></a><a id="addProductToShoppingList_33" onclick="javascript:Tapestry.waitForPage(event);" title="Ajouter à ma liste" class="bt-produit-ajout-liste" href="http://www.auchandirect.fr/rayon.productgridorlist.productlist.thumbnailproduct.addproducttoshoppinglist/72799?t:ac=nouveautes">Ajouter à ma liste</a></div><div class="infos-produit-1"><div class="prix-actuel"><span>1.95€</span></div></div><div class="infos-produit-2"><a title="Voir le produit" href="epicerie-sal%25C3%25A9e/p%25C3%25A2tes,-riz,-pur%25C3%25A9es/coquillettes-p%25C3%25A2tes-d'alsace/id1/480/72799.html"><h3>AUCHAN</h3><h4>Coquillettes pâtes d'alsace</h4><h4></h4><p>
500 g
<br/>
3.90€/kg
</p></a></div><div class="mini_picto_bas"></div></div></div></td></tr><tr><td><div class="bloc-produit nouveaute"><div class="bloc-produit-content   "><a title="Voir le produit" href="epicerie-sal%25C3%25A9e/p%25C3%25A2tes,-riz,-pur%25C3%25A9es/spaghetti-cuisson-rapide/id1/480/89138.html"><img src="http://www.auchandirect.fr/static/images/products/line/89138.jpg" alt="" class="produit "/></a><div class="picto"><span class="invisible"></span></div><img alt="nouveauté" src="http://www.auchandirect.fr/static/images/ruban-nouveaute_small.png" class="ruban"/><div class="boutons-produit"><a id="addProductToBasket_33" onclick="javascript:Tapestry.waitForPage(event);" title="Ajouter au panier" class="bt-produit-ajout-panier" href="http://www.auchandirect.fr/rayon.productgridorlist.productlist.thumbnailproduct.addproducttobasket/89138?t:ac=nouveautes"><span>Ajouter au panier</span></a><a id="addProductToShoppingList_34" onclick="javascript:Tapestry.waitForPage(event);" title="Ajouter à ma liste" class="bt-produit-ajout-liste" href="http://www.auchandirect.fr/rayon.productgridorlist.productlist.thumbnailproduct.addproducttoshoppinglist/89138?t:ac=nouveautes">Ajouter à ma liste</a></div><div class="infos-produit-1"><div class="prix-actuel"><span>0.95€</span></div></div><div class="infos-produit-2"><a title="Voir le produit" href="epicerie-sal%25C3%25A9e/p%25C3%25A2tes,-riz,-pur%25C3%25A9es/spaghetti-cuisson-rapide/id1/480/89138.html"><h3>AUCHAN</h3><h4>Spaghetti cuisson rapide</h4><h4></h4><p>
500 g
<br/>
1.90€/kg
</p></a></div><div class="mini_picto_bas"></div></div></div></td><td><div class="bloc-produit nouveaute bientot-dispo"><div class="bloc-produit-content   "><a title="Voir le produit" href="epicerie-sal%25C3%25A9e/sauces,-condiments/huile-d'olive-fruit%25C3%25A9e-vierge-extra/id1/482/79359.html"><img src="http://www.auchandirect.fr/static/images/products/line/79359.jpg" alt="" class="produit "/></a><div class="picto"><span class="invisible"></span></div><img alt="nouveauté" src="http://www.auchandirect.fr/static/images/ruban-nouveaute_small.png" class="ruban"/><div class="boutons-produit"><a class="bt-produit-ajout-panier disable" title="Bientôt disponible" href="javascript:void(0)"><span>Bientôt disponible</span></a><a id="addProductToShoppingList_35" onclick="javascript:Tapestry.waitForPage(event);" title="Ajouter à ma liste" class="bt-produit-ajout-liste" href="http://www.auchandirect.fr/rayon.productgridorlist.productlist.thumbnailproduct.addproducttoshoppinglist/79359?t:ac=nouveautes">Ajouter à ma liste</a></div><div class="infos-produit-1"><div class="prix-actuel"><span>4.59€</span></div></div><div class="infos-produit-2"><a title="Voir le produit" href="epicerie-sal%25C3%25A9e/sauces,-condiments/huile-d'olive-fruit%25C3%25A9e-vierge-extra/id1/482/79359.html"><h3>AUCHAN</h3><h4>Huile d'olive fruitée vierge extra</h4><h4></h4><p>
1 l
<br/>
4.59€/l
</p></a></div><div class="mini_picto_bas"></div></div></div></td><td><div class="bloc-produit nouveaute"><div class="bloc-produit-content   "><a title="Voir le produit" href="epicerie-sal%25C3%25A9e/sauces,-condiments/huile-d'olive-fruit%25C3%25A9e-vierge-extra/id1/482/91700.html"><img src="http://www.auchandirect.fr/static/images/products/line/91700.jpg" alt="" class="produit "/></a><div class="picto"><span class="invisible"></span></div><img alt="nouveauté" src="http://www.auchandirect.fr/static/images/ruban-nouveaute_small.png" class="ruban"/><div class="boutons-produit"><a id="addProductToBasket_34" onclick="javascript:Tapestry.waitForPage(event);" title="Ajouter au panier" class="bt-produit-ajout-panier" href="http://www.auchandirect.fr/rayon.productgridorlist.productlist.thumbnailproduct.addproducttobasket/91700?t:ac=nouveautes"><span>Ajouter au panier</span></a><a id="addProductToShoppingList_36" onclick="javascript:Tapestry.waitForPage(event);" title="Ajouter à ma liste" class="bt-produit-ajout-liste" href="http://www.auchandirect.fr/rayon.productgridorlist.productlist.thumbnailproduct.addproducttoshoppinglist/91700?t:ac=nouveautes">Ajouter à ma liste</a></div><div class="infos-produit-1"><div class="prix-actuel"><span>2.99€</span></div></div><div class="infos-produit-2"><a title="Voir le produit" href="epicerie-sal%25C3%25A9e/sauces,-condiments/huile-d'olive-fruit%25C3%25A9e-vierge-extra/id1/482/91700.html"><h3>AUCHAN</h3><h4>Huile d'olive fruitée vierge extra</h4><h4></h4><p>
50 cl
<br/>
5.98€/l
</p></a></div><div class="mini_picto_bas"></div></div></div></td></tr><tr><td><div class="bloc-produit nouveaute"><div class="bloc-produit-content   "><a title="Voir le produit" href="epicerie-sal%25C3%25A9e/sauces,-condiments/vinaigre-de-framboise/id1/482/98974.html"><img src="http://www.auchandirect.fr/static/images/products/line/98974.jpg" alt="" class="produit "/></a><div class="picto"><span class="invisible"></span></div><img alt="nouveauté" src="http://www.auchandirect.fr/static/images/ruban-nouveaute_small.png" class="ruban"/><div class="boutons-produit"><a id="addProductToBasket_35" onclick="javascript:Tapestry.waitForPage(event);" title="Ajouter au panier" class="bt-produit-ajout-panier" href="http://www.auchandirect.fr/rayon.productgridorlist.productlist.thumbnailproduct.addproducttobasket/98974?t:ac=nouveautes"><span>Ajouter au panier</span></a><a id="addProductToShoppingList_37" onclick="javascript:Tapestry.waitForPage(event);" title="Ajouter à ma liste" class="bt-produit-ajout-liste" href="http://www.auchandirect.fr/rayon.productgridorlist.productlist.thumbnailproduct.addproducttoshoppinglist/98974?t:ac=nouveautes">Ajouter à ma liste</a></div><div class="infos-produit-1"><div class="prix-actuel"><span>1.49€</span></div></div><div class="infos-produit-2"><a title="Voir le produit" href="epicerie-sal%25C3%25A9e/sauces,-condiments/vinaigre-de-framboise/id1/482/98974.html"><h3>AUCHAN</h3><h4>Vinaigre de framboise</h4><h4></h4><p>
50cl
<br/>
2.98€/l
</p></a></div><div class="mini_picto_bas"></div></div></div></td><td><div class="bloc-produit nouveaute"><div class="bloc-produit-content   "><a title="Voir le produit" href="epicerie-sal%25C3%25A9e/sauces,-condiments/vinaigre-au-vin-rouge/id1/482/70720.html"><img src="http://www.auchandirect.fr/static/images/products/line/70720.jpg" alt="" class="produit "/></a><div class="picto"><span class="invisible"></span></div><img alt="nouveauté" src="http://www.auchandirect.fr/static/images/ruban-nouveaute_small.png" class="ruban"/><div class="boutons-produit"><a id="addProductToBasket_36" onclick="javascript:Tapestry.waitForPage(event);" title="Ajouter au panier" class="bt-produit-ajout-panier" href="http://www.auchandirect.fr/rayon.productgridorlist.productlist.thumbnailproduct.addproducttobasket/70720?t:ac=nouveautes"><span>Ajouter au panier</span></a><a id="addProductToShoppingList_38" onclick="javascript:Tapestry.waitForPage(event);" title="Ajouter à ma liste" class="bt-produit-ajout-liste" href="http://www.auchandirect.fr/rayon.productgridorlist.productlist.thumbnailproduct.addproducttoshoppinglist/70720?t:ac=nouveautes">Ajouter à ma liste</a></div><div class="infos-produit-1"><div class="prix-actuel"><span>0.89€</span></div></div><div class="infos-produit-2"><a title="Voir le produit" href="epicerie-sal%25C3%25A9e/sauces,-condiments/vinaigre-au-vin-rouge/id1/482/70720.html"><h3>AUCHAN</h3><h4>Vinaigre au vin rouge</h4><h4></h4><p>
75 cl
<br/>
1.19€/l
</p></a></div><div class="mini_picto_bas"></div></div></div></td><td><div class="bloc-produit nouveaute bientot-dispo"><div class="bloc-produit-content   "><a title="Voir le produit" href="epicerie-sal%25C3%25A9e/conserves,-plats-cuisin%25C3%25A9s/filets-de-sardines-%25C3%25A0-l'huile-de-tournesol/id1/479/73008.html"><img src="http://www.auchandirect.fr/static/images/products/line/73008.jpg" alt="" class="produit "/></a><div class="picto"><span class="invisible"></span></div><img alt="nouveauté" src="http://www.auchandirect.fr/static/images/ruban-nouveaute_small.png" class="ruban"/><div class="boutons-produit"><a class="bt-produit-ajout-panier disable" title="Bientôt disponible" href="javascript:void(0)"><span>Bientôt disponible</span></a><a id="addProductToShoppingList_39" onclick="javascript:Tapestry.waitForPage(event);" title="Ajouter à ma liste" class="bt-produit-ajout-liste" href="http://www.auchandirect.fr/rayon.productgridorlist.productlist.thumbnailproduct.addproducttoshoppinglist/73008?t:ac=nouveautes">Ajouter à ma liste</a></div><div class="infos-produit-1"><div class="prix-actuel"><span>1.20€</span></div></div><div class="infos-produit-2"><a title="Voir le produit" href="epicerie-sal%25C3%25A9e/conserves,-plats-cuisin%25C3%25A9s/filets-de-sardines-%25C3%25A0-l'huile-de-tournesol/id1/479/73008.html"><h3>AUCHAN</h3><h4>Filets de sardines à l'huile de tournesol</h4><h4></h4><p>
70 g
<br/>
17.14€/kg
</p></a></div><div class="mini_picto_bas"></div></div></div></td></tr><tr><td><div class="bloc-produit nouveaute"><div class="bloc-produit-content   "><a title="Voir le produit" href="epicerie-sal%25C3%25A9e/conserves,-plats-cuisin%25C3%25A9s/saumon-naturel/id1/479/74812.html"><img src="http://www.auchandirect.fr/static/images/products/line/74812.jpg" alt="" class="produit "/></a><div class="picto"><span class="invisible"></span></div><img alt="nouveauté" src="http://www.auchandirect.fr/static/images/ruban-nouveaute_small.png" class="ruban"/><div class="boutons-produit"><a id="addProductToBasket_37" onclick="javascript:Tapestry.waitForPage(event);" title="Ajouter au panier" class="bt-produit-ajout-panier" href="http://www.auchandirect.fr/rayon.productgridorlist.productlist.thumbnailproduct.addproducttobasket/74812?t:ac=nouveautes"><span>Ajouter au panier</span></a><a id="addProductToShoppingList_40" onclick="javascript:Tapestry.waitForPage(event);" title="Ajouter à ma liste" class="bt-produit-ajout-liste" href="http://www.auchandirect.fr/rayon.productgridorlist.productlist.thumbnailproduct.addproducttoshoppinglist/74812?t:ac=nouveautes">Ajouter à ma liste</a></div><div class="infos-produit-1"><div class="prix-actuel"><span>2.89€</span></div></div><div class="infos-produit-2"><a title="Voir le produit" href="epicerie-sal%25C3%25A9e/conserves,-plats-cuisin%25C3%25A9s/saumon-naturel/id1/479/74812.html"><h3>AUCHAN</h3><h4>Saumon naturel</h4><h4></h4><p>
160 g
<br/>
18.06€/kg
</p></a></div><div class="mini_picto_bas"></div></div></div></td><td><div class="bloc-produit nouveaute"><div class="bloc-produit-content   "><a title="Voir le produit" href="epicerie-sal%25C3%25A9e/conserves,-plats-cuisin%25C3%25A9s/rilettes-de-thon/id1/479/96872.html"><img src="http://www.auchandirect.fr/static/images/products/line/96872.jpg" alt="" class="produit "/></a><div class="picto"><span class="invisible"></span></div><img alt="nouveauté" src="http://www.auchandirect.fr/static/images/ruban-nouveaute_small.png" class="ruban"/><div class="boutons-produit"><a id="addProductToBasket_38" onclick="javascript:Tapestry.waitForPage(event);" title="Ajouter au panier" class="bt-produit-ajout-panier" href="http://www.auchandirect.fr/rayon.productgridorlist.productlist.thumbnailproduct.addproducttobasket/96872?t:ac=nouveautes"><span>Ajouter au panier</span></a><a id="addProductToShoppingList_41" onclick="javascript:Tapestry.waitForPage(event);" title="Ajouter à ma liste" class="bt-produit-ajout-liste" href="http://www.auchandirect.fr/rayon.productgridorlist.productlist.thumbnailproduct.addproducttoshoppinglist/96872?t:ac=nouveautes">Ajouter à ma liste</a></div><div class="infos-produit-1"><div class="prix-actuel"><span>1.19€</span></div></div><div class="infos-produit-2"><a title="Voir le produit" href="epicerie-sal%25C3%25A9e/conserves,-plats-cuisin%25C3%25A9s/rilettes-de-thon/id1/479/96872.html"><h3>AUCHAN</h3><h4>Rilettes de thon</h4><h4></h4><p>
125 g
<br/>
9.52€/kg
</p></a></div><div class="mini_picto_bas"></div></div></div></td><td><div class="bloc-produit nouveaute"><div class="bloc-produit-content   "><a title="Voir le produit" href="epicerie-sal%25C3%25A9e/sauces,-condiments/pr%25C3%25A9paration-culinaire-huile-d'olive-et-ail/id1/482/74747.html"><img src="http://www.auchandirect.fr/static/images/products/line/74747.jpg" alt="" class="produit "/></a><div class="picto"><span class="invisible"></span></div><img alt="nouveauté" src="http://www.auchandirect.fr/static/images/ruban-nouveaute_small.png" class="ruban"/><div class="boutons-produit"><a id="addProductToBasket_39" onclick="javascript:Tapestry.waitForPage(event);" title="Ajouter au panier" class="bt-produit-ajout-panier" href="http://www.auchandirect.fr/rayon.productgridorlist.productlist.thumbnailproduct.addproducttobasket/74747?t:ac=nouveautes"><span>Ajouter au panier</span></a><a id="addProductToShoppingList_42" onclick="javascript:Tapestry.waitForPage(event);" title="Ajouter à ma liste" class="bt-produit-ajout-liste" href="http://www.auchandirect.fr/rayon.productgridorlist.productlist.thumbnailproduct.addproducttoshoppinglist/74747?t:ac=nouveautes">Ajouter à ma liste</a></div><div class="infos-produit-1"><div class="prix-actuel"><span>2.39€</span></div></div><div class="infos-produit-2"><a title="Voir le produit" href="epicerie-sal%25C3%25A9e/sauces,-condiments/pr%25C3%25A9paration-culinaire-huile-d'olive-et-ail/id1/482/74747.html"><h3>AUCHAN MMM!</h3><h4>Préparation culinaire huile d'olive et ail</h4><h4></h4><p>
250 ml
<br/>
9.56€/l
</p></a></div><div class="mini_picto_bas"></div></div></div></td></tr><tr><td><div class="bloc-produit nouveaute"><div class="bloc-produit-content   "><a title="Voir le produit" href="epicerie-sal%25C3%25A9e/p%25C3%25A2tes,-riz,-pur%25C3%25A9es/fusilli-n%25C2%25B034/id1/480/60565.html"><img src="http://www.auchandirect.fr/static/images/products/line/60565.jpg" alt="" class="produit "/></a><div class="picto"><span class="invisible"></span></div><img alt="nouveauté" src="http://www.auchandirect.fr/static/images/ruban-nouveaute_small.png" class="ruban"/><div class="boutons-produit"><a id="addProductToBasket_40" onclick="javascript:Tapestry.waitForPage(event);" title="Ajouter au panier" class="bt-produit-ajout-panier" href="http://www.auchandirect.fr/rayon.productgridorlist.productlist.thumbnailproduct.addproducttobasket/60565?t:ac=nouveautes"><span>Ajouter au panier</span></a><a id="addProductToShoppingList_43" onclick="javascript:Tapestry.waitForPage(event);" title="Ajouter à ma liste" class="bt-produit-ajout-liste" href="http://www.auchandirect.fr/rayon.productgridorlist.productlist.thumbnailproduct.addproducttoshoppinglist/60565?t:ac=nouveautes">Ajouter à ma liste</a></div><div class="infos-produit-1"><div class="prix-actuel"><span>1.94€</span></div></div><div class="infos-produit-2"><a title="Voir le produit" href="epicerie-sal%25C3%25A9e/p%25C3%25A2tes,-riz,-pur%25C3%25A9es/fusilli-n%25C2%25B034/id1/480/60565.html"><h3>DE CECCO</h3><h4>Fusilli n°34</h4><h4></h4><p>
500 g
<br/>
3.88€/kg
</p></a></div><div class="mini_picto_bas"></div></div></div></td><td><div class="bloc-produit nouveaute"><div class="bloc-produit-content   "><a title="Voir le produit" href="epicerie-sal%25C3%25A9e/p%25C3%25A2tes,-riz,-pur%25C3%25A9es/penne-rigate-n%25C2%25B041/id1/480/60568.html"><img src="http://www.auchandirect.fr/static/images/products/line/60568.jpg" alt="" class="produit "/></a><div class="picto"><span class="invisible"></span></div><img alt="nouveauté" src="http://www.auchandirect.fr/static/images/ruban-nouveaute_small.png" class="ruban"/><div class="boutons-produit"><a id="addProductToBasket_41" onclick="javascript:Tapestry.waitForPage(event);" title="Ajouter au panier" class="bt-produit-ajout-panier" href="http://www.auchandirect.fr/rayon.productgridorlist.productlist.thumbnailproduct.addproducttobasket/60568?t:ac=nouveautes"><span>Ajouter au panier</span></a><a id="addProductToShoppingList_44" onclick="javascript:Tapestry.waitForPage(event);" title="Ajouter à ma liste" class="bt-produit-ajout-liste" href="http://www.auchandirect.fr/rayon.productgridorlist.productlist.thumbnailproduct.addproducttoshoppinglist/60568?t:ac=nouveautes">Ajouter à ma liste</a></div><div class="infos-produit-1"><div class="prix-actuel"><span>1.94€</span></div></div><div class="infos-produit-2"><a title="Voir le produit" href="epicerie-sal%25C3%25A9e/p%25C3%25A2tes,-riz,-pur%25C3%25A9es/penne-rigate-n%25C2%25B041/id1/480/60568.html"><h3>DE CECCO</h3><h4>Penne rigate n°41</h4><h4>Penne rigate</h4><p>
500 g
<br/>
3.88€/kg
</p></a></div><div class="mini_picto_bas"></div></div></div></td><td><div class="bloc-produit nouveaute"><div class="bloc-produit-content   "><a title="Voir le produit" href="epicerie-sal%25C3%25A9e/p%25C3%25A2tes,-riz,-pur%25C3%25A9es/spaghetti/id1/480/60569.html"><img src="http://www.auchandirect.fr/static/images/products/line/60569.jpg" alt="" class="produit "/></a><div class="picto"><span class="invisible"></span></div><img alt="nouveauté" src="http://www.auchandirect.fr/static/images/ruban-nouveaute_small.png" class="ruban"/><div class="boutons-produit"><a id="addProductToBasket_42" onclick="javascript:Tapestry.waitForPage(event);" title="Ajouter au panier" class="bt-produit-ajout-panier" href="http://www.auchandirect.fr/rayon.productgridorlist.productlist.thumbnailproduct.addproducttobasket/60569?t:ac=nouveautes"><span>Ajouter au panier</span></a><a id="addProductToShoppingList_45" onclick="javascript:Tapestry.waitForPage(event);" title="Ajouter à ma liste" class="bt-produit-ajout-liste" href="http://www.auchandirect.fr/rayon.productgridorlist.productlist.thumbnailproduct.addproducttoshoppinglist/60569?t:ac=nouveautes">Ajouter à ma liste</a></div><div class="infos-produit-1"><div class="prix-actuel"><span>1.94€</span></div></div><div class="infos-produit-2"><a title="Voir le produit" href="epicerie-sal%25C3%25A9e/p%25C3%25A2tes,-riz,-pur%25C3%25A9es/spaghetti/id1/480/60569.html"><h3>DE CECCO</h3><h4>Spaghetti</h4><h4></h4><p>
500 g
<br/>
3.88€/kg
</p></a></div><div class="mini_picto_bas"></div></div></div></td></tr><tr><td><div class="bloc-produit nouveaute"><div class="bloc-produit-content   "><a title="Voir le produit" href="epicerie-sal%25C3%25A9e/p%25C3%25A2tes,-riz,-pur%25C3%25A9es/maccheroni,/id1/480/95545.html"><img src="http://www.auchandirect.fr/static/images/products/line/95545.jpg" alt="" class="produit "/></a><div class="picto"><span class="invisible"></span></div><img alt="nouveauté" src="http://www.auchandirect.fr/static/images/ruban-nouveaute_small.png" class="ruban"/><div class="boutons-produit"><a id="addProductToBasket_43" onclick="javascript:Tapestry.waitForPage(event);" title="Ajouter au panier" class="bt-produit-ajout-panier" href="http://www.auchandirect.fr/rayon.productgridorlist.productlist.thumbnailproduct.addproducttobasket/95545?t:ac=nouveautes"><span>Ajouter au panier</span></a><a id="addProductToShoppingList_46" onclick="javascript:Tapestry.waitForPage(event);" title="Ajouter à ma liste" class="bt-produit-ajout-liste" href="http://www.auchandirect.fr/rayon.productgridorlist.productlist.thumbnailproduct.addproducttoshoppinglist/95545?t:ac=nouveautes">Ajouter à ma liste</a></div><div class="infos-produit-1"><div class="prix-actuel"><span>1.94€</span></div></div><div class="infos-produit-2"><a title="Voir le produit" href="epicerie-sal%25C3%25A9e/p%25C3%25A2tes,-riz,-pur%25C3%25A9es/maccheroni,/id1/480/95545.html"><h3>DE CECCO</h3><h4>Maccheroni,</h4><h4></h4><p>
500 g
<br/>
3.88€/pièce
</p></a></div><div class="mini_picto_bas"></div></div></div></td><td><div class="bloc-produit nouveaute"><div class="bloc-produit-content   "><a title="Voir le produit" href="epicerie-sal%25C3%25A9e/potages-et-soupes/soupe-au-poulet-r%25C3%25B4ti/id1/481/103331.html"><img src="http://www.auchandirect.fr/static/images/products/line/103331.jpg" alt="" class="produit "/></a><div class="picto"><span class="invisible"></span></div><img alt="nouveauté" src="http://www.auchandirect.fr/static/images/ruban-nouveaute_small.png" class="ruban"/><div class="boutons-produit"><a id="addProductToBasket_44" onclick="javascript:Tapestry.waitForPage(event);" title="Ajouter au panier" class="bt-produit-ajout-panier" href="http://www.auchandirect.fr/rayon.productgridorlist.productlist.thumbnailproduct.addproducttobasket/103331?t:ac=nouveautes"><span>Ajouter au panier</span></a><a id="addProductToShoppingList_47" onclick="javascript:Tapestry.waitForPage(event);" title="Ajouter à ma liste" class="bt-produit-ajout-liste" href="http://www.auchandirect.fr/rayon.productgridorlist.productlist.thumbnailproduct.addproducttoshoppinglist/103331?t:ac=nouveautes">Ajouter à ma liste</a></div><div class="infos-produit-1"><div class="prix-actuel"><span>1.19€</span></div></div><div class="infos-produit-2"><a title="Voir le produit" href="epicerie-sal%25C3%25A9e/potages-et-soupes/soupe-au-poulet-r%25C3%25B4ti/id1/481/103331.html"><h3>KNORR</h3><h4>Soupe au poulet rôti</h4><h4></h4><p>
44 g
<br/>
27.05€/kg
</p></a></div><div class="mini_picto_bas"></div></div></div></td><td><div class="bloc-produit nouveaute"><div class="bloc-produit-content   "><a title="Voir le produit" href="epicerie-sal%25C3%25A9e/potages-et-soupes/soupe-l%25C3%25A9gumes-d'automne/id1/481/103332.html"><img src="http://www.auchandirect.fr/static/images/products/line/103332.jpg" alt="" class="produit "/></a><div class="picto"><span class="invisible"></span></div><img alt="nouveauté" src="http://www.auchandirect.fr/static/images/ruban-nouveaute_small.png" class="ruban"/><div class="boutons-produit"><a id="addProductToBasket_45" onclick="javascript:Tapestry.waitForPage(event);" title="Ajouter au panier" class="bt-produit-ajout-panier" href="http://www.auchandirect.fr/rayon.productgridorlist.productlist.thumbnailproduct.addproducttobasket/103332?t:ac=nouveautes"><span>Ajouter au panier</span></a><a id="addProductToShoppingList_48" onclick="javascript:Tapestry.waitForPage(event);" title="Ajouter à ma liste" class="bt-produit-ajout-liste" href="http://www.auchandirect.fr/rayon.productgridorlist.productlist.thumbnailproduct.addproducttoshoppinglist/103332?t:ac=nouveautes">Ajouter à ma liste</a></div><div class="infos-produit-1"><div class="prix-actuel"><span>1.56€</span></div></div><div class="infos-produit-2"><a title="Voir le produit" href="epicerie-sal%25C3%25A9e/potages-et-soupes/soupe-l%25C3%25A9gumes-d'automne/id1/481/103332.html"><h3>KNORR</h3><h4>Soupe légumes d'automne</h4><h4></h4><p>
83 g
<br/>
18.80€/kg
</p></a></div><div class="mini_picto_bas"></div></div></div></td></tr><tr><td><div class="bloc-produit nouveaute"><div class="bloc-produit-content   "><a title="Voir le produit" href="epicerie-sal%25C3%25A9e/potages-et-soupes/soupe-indienne-poulet,-curry-et-petit-l%25C3%25A9gumes/id1/481/103334.html"><img src="http://www.auchandirect.fr/static/images/products/line/103334.jpg" alt="" class="produit "/></a><div class="picto"><span class="invisible"></span></div><img alt="nouveauté" src="http://www.auchandirect.fr/static/images/ruban-nouveaute_small.png" class="ruban"/><div class="boutons-produit"><a id="addProductToBasket_46" onclick="javascript:Tapestry.waitForPage(event);" title="Ajouter au panier" class="bt-produit-ajout-panier" href="http://www.auchandirect.fr/rayon.productgridorlist.productlist.thumbnailproduct.addproducttobasket/103334?t:ac=nouveautes"><span>Ajouter au panier</span></a><a id="addProductToShoppingList_49" onclick="javascript:Tapestry.waitForPage(event);" title="Ajouter à ma liste" class="bt-produit-ajout-liste" href="http://www.auchandirect.fr/rayon.productgridorlist.productlist.thumbnailproduct.addproducttoshoppinglist/103334?t:ac=nouveautes">Ajouter à ma liste</a></div><div class="infos-produit-1"><div class="prix-actuel"><span>2.23€</span></div></div><div class="infos-produit-2"><a title="Voir le produit" href="epicerie-sal%25C3%25A9e/potages-et-soupes/soupe-indienne-poulet,-curry-et-petit-l%25C3%25A9gumes/id1/481/103334.html"><h3>KNORR</h3><h4>Soupe Indienne poulet, curry et petit légumes</h4><h4></h4><p>
67 g
<br/>
33.28€/pièce
</p></a></div><div class="mini_picto_bas"></div></div></div></td><td><div class="bloc-produit nouveaute"><div class="bloc-produit-content   "><a title="Voir le produit" href="epicerie-sal%25C3%25A9e/sauces,-condiments/huile/id1/482/89009.html"><img src="http://www.auchandirect.fr/static/images/products/line/89009.jpg" alt="" class="produit "/></a><div class="picto"><span class="invisible"></span></div><img alt="nouveauté" src="http://www.auchandirect.fr/static/images/ruban-nouveaute_small.png" class="ruban"/><div class="boutons-produit"><a id="addProductToBasket_47" onclick="javascript:Tapestry.waitForPage(event);" title="Ajouter au panier" class="bt-produit-ajout-panier" href="http://www.auchandirect.fr/rayon.productgridorlist.productlist.thumbnailproduct.addproducttobasket/89009?t:ac=nouveautes"><span>Ajouter au panier</span></a><a id="addProductToShoppingList_50" onclick="javascript:Tapestry.waitForPage(event);" title="Ajouter à ma liste" class="bt-produit-ajout-liste" href="http://www.auchandirect.fr/rayon.productgridorlist.productlist.thumbnailproduct.addproducttoshoppinglist/89009?t:ac=nouveautes">Ajouter à ma liste</a></div><div class="infos-produit-1"><div class="prix-actuel"><span>1.99€</span></div></div><div class="infos-produit-2"><a title="Voir le produit" href="epicerie-sal%25C3%25A9e/sauces,-condiments/huile/id1/482/89009.html"><h3>LESIEUR</h3><h4>Huile</h4><h4>ISIO 4</h4><p>
50 cl
<br/>
398.00€/l
</p></a></div><div class="mini_picto_bas"></div></div></div></td><td><div class="bloc-produit nouveaute"><div class="bloc-produit-content   "><a title="Voir le produit" href="epicerie-sal%25C3%25A9e/sauces,-condiments/bouillon-deshydrat%25C3%25A9/id1/482/78662.html"><img src="http://www.auchandirect.fr/static/images/products/line/78662.jpg" alt="" class="produit "/></a><div class="picto"><span class="invisible"></span></div><img alt="nouveauté" src="http://www.auchandirect.fr/static/images/ruban-nouveaute_small.png" class="ruban"/><div class="boutons-produit"><a id="addProductToBasket_48" onclick="javascript:Tapestry.waitForPage(event);" title="Ajouter au panier" class="bt-produit-ajout-panier" href="http://www.auchandirect.fr/rayon.productgridorlist.productlist.thumbnailproduct.addproducttobasket/78662?t:ac=nouveautes"><span>Ajouter au panier</span></a><a id="addProductToShoppingList_51" onclick="javascript:Tapestry.waitForPage(event);" title="Ajouter à ma liste" class="bt-produit-ajout-liste" href="http://www.auchandirect.fr/rayon.productgridorlist.productlist.thumbnailproduct.addproducttoshoppinglist/78662?t:ac=nouveautes">Ajouter à ma liste</a></div><div class="infos-produit-1"><div class="prix-actuel"><span>1.26€</span></div></div><div class="infos-produit-2"><a title="Voir le produit" href="epicerie-sal%25C3%25A9e/sauces,-condiments/bouillon-deshydrat%25C3%25A9/id1/482/78662.html"><h3>MAGGI</h3><h4>Bouillon deshydraté</h4><h4>Kub Or</h4><p>
128 g
<br/>
9.84€/kg
</p></a></div><div class="mini_picto_bas"></div></div></div></td></tr><tr><td><div class="bloc-produit nouveaute"><div class="bloc-produit-content   "><a title="Voir le produit" href="epicerie-sal%25C3%25A9e/sauces,-condiments/vinaigre-de-x%25C3%25A9r%25C3%25A8s/id1/482/1860.html"><img src="http://www.auchandirect.fr/static/images/products/line/1860.jpg" alt="" class="produit "/></a><div class="picto"><span class="invisible"></span></div><img alt="nouveauté" src="http://www.auchandirect.fr/static/images/ruban-nouveaute_small.png" class="ruban"/><div class="boutons-produit"><a id="addProductToBasket_49" onclick="javascript:Tapestry.waitForPage(event);" title="Ajouter au panier" class="bt-produit-ajout-panier" href="http://www.auchandirect.fr/rayon.productgridorlist.productlist.thumbnailproduct.addproducttobasket/1860?t:ac=nouveautes"><span>Ajouter au panier</span></a><a id="addProductToShoppingList_52" onclick="javascript:Tapestry.waitForPage(event);" title="Ajouter à ma liste" class="bt-produit-ajout-liste" href="http://www.auchandirect.fr/rayon.productgridorlist.productlist.thumbnailproduct.addproducttoshoppinglist/1860?t:ac=nouveautes">Ajouter à ma liste</a></div><div class="infos-produit-1"><div class="prix-actuel"><span>3.19€</span></div></div><div class="infos-produit-2"><a title="Voir le produit" href="epicerie-sal%25C3%25A9e/sauces,-condiments/vinaigre-de-x%25C3%25A9r%25C3%25A8s/id1/482/1860.html"><h3>MAILLE</h3><h4>Vinaigre de Xérès</h4><h4></h4><p>
50 cl
<br/>
6.38€/l
</p></a></div><div class="mini_picto_bas"></div></div></div></td><td></td><td></td></tr></table><div class="pro-ecolo"><h1>Petit-Déjeuner Epicerie Sucrée</h1></div><table><tr><td><div class="bloc-produit nouveaute bientot-dispo"><div class="bloc-produit-content   "><a title="Voir le produit" href="petit-d%25C3%25A9jeuner-epicerie-sucr%25C3%25A9e/les-produits-enfants/mini-biscuits-chocolat/id1/822612/75289.html"><img src="http://www.auchandirect.fr/static/images/products/line/75289.jpg" alt="" class="produit "/></a><div class="picto"><span class="invisible"></span></div><img alt="nouveauté" src="http://www.auchandirect.fr/static/images/ruban-nouveaute_small.png" class="ruban"/><div class="boutons-produit"><a class="bt-produit-ajout-panier disable" title="Bientôt disponible" href="javascript:void(0)"><span>Bientôt disponible</span></a><a id="addProductToShoppingList_53" onclick="javascript:Tapestry.waitForPage(event);" title="Ajouter à ma liste" class="bt-produit-ajout-liste" href="http://www.auchandirect.fr/rayon.productgridorlist.productlist.thumbnailproduct.addproducttoshoppinglist/75289?t:ac=nouveautes">Ajouter à ma liste</a></div><div class="infos-produit-1"><div class="prix-actuel"><span>3.15€</span></div></div><div class="infos-produit-2"><a title="Voir le produit" href="petit-d%25C3%25A9jeuner-epicerie-sucr%25C3%25A9e/les-produits-enfants/mini-biscuits-chocolat/id1/822612/75289.html"><h3>BN</h3><h4>Mini Biscuits chocolat</h4><h4>Mini</h4><p>
336 g
<br/>
9.38€/kg
</p></a></div><div class="mini_picto_bas"></div></div></div></td><td><div class="bloc-produit nouveaute"><div class="bloc-produit-content   "><a title="Voir le produit" href="petit-d%25C3%25A9jeuner-epicerie-sucr%25C3%25A9e/chocolats,-confiseries/ourson-guimauve-enrob%25C3%25A9s-chocolat/id1/485/73258.html"><img src="http://www.auchandirect.fr/static/images/products/line/73258.jpg" alt="" class="produit "/></a><div class="picto"><span class="invisible"></span></div><img alt="nouveauté" src="http://www.auchandirect.fr/static/images/ruban-nouveaute_small.png" class="ruban"/><div class="boutons-produit"><a id="addProductToBasket_50" onclick="javascript:Tapestry.waitForPage(event);" title="Ajouter au panier" class="bt-produit-ajout-panier" href="http://www.auchandirect.fr/rayon.productgridorlist.productlist.thumbnailproduct.addproducttobasket/73258?t:ac=nouveautes"><span>Ajouter au panier</span></a><a id="addProductToShoppingList_54" onclick="javascript:Tapestry.waitForPage(event);" title="Ajouter à ma liste" class="bt-produit-ajout-liste" href="http://www.auchandirect.fr/rayon.productgridorlist.productlist.thumbnailproduct.addproducttoshoppinglist/73258?t:ac=nouveautes">Ajouter à ma liste</a></div><div class="infos-produit-1"><div class="prix-actuel"><span>4.99€</span></div></div><div class="infos-produit-2"><a title="Voir le produit" href="petit-d%25C3%25A9jeuner-epicerie-sucr%25C3%25A9e/chocolats,-confiseries/ourson-guimauve-enrob%25C3%25A9s-chocolat/id1/485/73258.html"><h3>BONLAIT</h3><h4>Ourson guimauve enrobés chocolat</h4><h4></h4><p>
600 g
<br/>
8.32€/kg
</p></a></div><div class="mini_picto_bas"></div></div></div></td><td><div class="bloc-produit nouveaute"><div class="bloc-produit-content   "><a title="Voir le produit" href="petit-d%25C3%25A9jeuner-epicerie-sucr%25C3%25A9e/petit-d%25C3%25A9jeuner/confiture-all%25C3%25A9g%25C3%25A9e-de-fruits/id1/484/32478.html"><img src="http://www.auchandirect.fr/static/images/products/line/32478.jpg" alt="" class="produit "/></a><div class="picto"><span class="invisible"></span></div><img alt="nouveauté" src="http://www.auchandirect.fr/static/images/ruban-nouveaute_small.png" class="ruban"/><div class="boutons-produit"><a id="addProductToBasket_51" onclick="javascript:Tapestry.waitForPage(event);" title="Ajouter au panier" class="bt-produit-ajout-panier" href="http://www.auchandirect.fr/rayon.productgridorlist.productlist.thumbnailproduct.addproducttobasket/32478?t:ac=nouveautes"><span>Ajouter au panier</span></a><a id="addProductToShoppingList_55" onclick="javascript:Tapestry.waitForPage(event);" title="Ajouter à ma liste" class="bt-produit-ajout-liste" href="http://www.auchandirect.fr/rayon.productgridorlist.productlist.thumbnailproduct.addproducttoshoppinglist/32478?t:ac=nouveautes">Ajouter à ma liste</a></div><div class="infos-produit-1"><div class="prix-actuel"><span>2.24€</span></div></div><div class="infos-produit-2"><a title="Voir le produit" href="petit-d%25C3%25A9jeuner-epicerie-sucr%25C3%25A9e/petit-d%25C3%25A9jeuner/confiture-all%25C3%25A9g%25C3%25A9e-de-fruits/id1/484/32478.html"><h3>CONFIPOTE</h3><h4>Confiture allégée de fruits</h4><h4>Framboise</h4><p>
350 g
<br/>
6.40€/kg
</p></a></div><div class="mini_picto_bas"></div></div></div></td></tr><tr><td><div class="bloc-produit nouveaute"><div class="bloc-produit-content   "><a title="Voir le produit" href="petit-d%25C3%25A9jeuner-epicerie-sucr%25C3%25A9e/petit-d%25C3%25A9jeuner/miel-de-fleurs/id1/484/74110.html"><img src="http://www.auchandirect.fr/static/images/products/line/74110.jpg" alt="" class="produit "/></a><div class="picto"><span class="invisible"></span></div><img alt="nouveauté" src="http://www.auchandirect.fr/static/images/ruban-nouveaute_small.png" class="ruban"/><div class="boutons-produit"><a id="addProductToBasket_52" onclick="javascript:Tapestry.waitForPage(event);" title="Ajouter au panier" class="bt-produit-ajout-panier" href="http://www.auchandirect.fr/rayon.productgridorlist.productlist.thumbnailproduct.addproducttobasket/74110?t:ac=nouveautes"><span>Ajouter au panier</span></a><a id="addProductToShoppingList_56" onclick="javascript:Tapestry.waitForPage(event);" title="Ajouter à ma liste" class="bt-produit-ajout-liste" href="http://www.auchandirect.fr/rayon.productgridorlist.productlist.thumbnailproduct.addproducttoshoppinglist/74110?t:ac=nouveautes">Ajouter à ma liste</a></div><div class="infos-produit-1"><div class="prix-actuel"><span>6.05€</span></div></div><div class="infos-produit-2"><a title="Voir le produit" href="petit-d%25C3%25A9jeuner-epicerie-sucr%25C3%25A9e/petit-d%25C3%25A9jeuner/miel-de-fleurs/id1/484/74110.html"><h3>L'APICULTEUR</h3><h4>Miel de fleurs</h4><h4></h4><p>
500 g
<br/>
12.10€/kg
</p></a></div><div class="mini_picto_bas"></div></div></div></td><td><div class="bloc-produit nouveaute"><div class="bloc-produit-content   "><a title="Voir le produit" href="petit-d%25C3%25A9jeuner-epicerie-sucr%25C3%25A9e/petit-d%25C3%25A9jeuner/p%25C3%25A2te-%25C3%25A0-tartines-aux-noisettes/id1/484/111018.html"><img src="http://www.auchandirect.fr/static/images/products/line/111018.jpg" alt="" class="produit "/></a><div class="picto"><span class="invisible"></span></div><img alt="nouveauté" src="http://www.auchandirect.fr/static/images/ruban-nouveaute_small.png" class="ruban"/><div class="boutons-produit"><a id="addProductToBasket_53" onclick="javascript:Tapestry.waitForPage(event);" title="Ajouter au panier" class="bt-produit-ajout-panier" href="http://www.auchandirect.fr/rayon.productgridorlist.productlist.thumbnailproduct.addproducttobasket/111018?t:ac=nouveautes"><span>Ajouter au panier</span></a><a id="addProductToShoppingList_57" onclick="javascript:Tapestry.waitForPage(event);" title="Ajouter à ma liste" class="bt-produit-ajout-liste" href="http://www.auchandirect.fr/rayon.productgridorlist.productlist.thumbnailproduct.addproducttoshoppinglist/111018?t:ac=nouveautes">Ajouter à ma liste</a></div><div class="infos-produit-1"><div class="prix-actuel"><span>4.49€</span></div></div><div class="infos-produit-2"><a title="Voir le produit" href="petit-d%25C3%25A9jeuner-epicerie-sucr%25C3%25A9e/petit-d%25C3%25A9jeuner/p%25C3%25A2te-%25C3%25A0-tartines-aux-noisettes/id1/484/111018.html"><h3>NUTELLA</h3><h4>Pâte à tartines aux noisettes</h4><h4></h4><p>
825g
<br/>
5.41€/pièce
</p></a></div><div class="mini_picto_bas"></div></div></div></td><td><div class="bloc-produit nouveaute"><div class="bloc-produit-content   "><a title="Voir le produit" href="petit-d%25C3%25A9jeuner-epicerie-sucr%25C3%25A9e/petit-d%25C3%25A9jeuner/pains-au-chocolat/id1/484/97983.html"><img src="http://www.auchandirect.fr/static/images/products/line/97983.jpg" alt="" class="produit "/></a><div class="picto"><span class="invisible"></span></div><img alt="nouveauté" src="http://www.auchandirect.fr/static/images/ruban-nouveaute_small.png" class="ruban"/><div class="boutons-produit"><a id="addProductToBasket_54" onclick="javascript:Tapestry.waitForPage(event);" title="Ajouter au panier" class="bt-produit-ajout-panier" href="http://www.auchandirect.fr/rayon.productgridorlist.productlist.thumbnailproduct.addproducttobasket/97983?t:ac=nouveautes"><span>Ajouter au panier</span></a><a id="addProductToShoppingList_58" onclick="javascript:Tapestry.waitForPage(event);" title="Ajouter à ma liste" class="bt-produit-ajout-liste" href="http://www.auchandirect.fr/rayon.productgridorlist.productlist.thumbnailproduct.addproducttoshoppinglist/97983?t:ac=nouveautes">Ajouter à ma liste</a></div><div class="infos-produit-1"><div class="prix-actuel"><span>4.50€</span></div></div><div class="infos-produit-2"><a title="Voir le produit" href="petit-d%25C3%25A9jeuner-epicerie-sucr%25C3%25A9e/petit-d%25C3%25A9jeuner/pains-au-chocolat/id1/484/97983.html"><h3>PASQUIER</h3><h4>Pains au chocolat</h4><h4></h4><p>
720 g
<br/>
6.25€/kg
</p></a></div><div class="mini_picto_bas"><!-- FIXME IDEM --><span class="com.atosworldline.ri.auchan.direct.front.tapestry.data.multimedia.Picture@50c63cbc pictoListing txtImg">XXXXX</span></div></div></div></td></tr><tr><td><div class="bloc-produit nouveaute bientot-dispo"><div class="bloc-produit-content   "><a title="Voir le produit" href="petit-d%25C3%25A9jeuner-epicerie-sucr%25C3%25A9e/chocolats,-confiseries/pastilles-duo-fraises-en-%25C3%25A9tuis/id1/485/74230.html"><img src="http://www.auchandirect.fr/static/images/products/line/74230.jpg" alt="" class="produit "/></a><div class="picto"><span class="invisible"></span></div><img alt="nouveauté" src="http://www.auchandirect.fr/static/images/ruban-nouveaute_small.png" class="ruban"/><div class="boutons-produit"><a class="bt-produit-ajout-panier disable" title="Bientôt disponible" href="javascript:void(0)"><span>Bientôt disponible</span></a><a id="addProductToShoppingList_59" onclick="javascript:Tapestry.waitForPage(event);" title="Ajouter à ma liste" class="bt-produit-ajout-liste" href="http://www.auchandirect.fr/rayon.productgridorlist.productlist.thumbnailproduct.addproducttoshoppinglist/74230?t:ac=nouveautes">Ajouter à ma liste</a></div><div class="infos-produit-1"><div class="prix-actuel"><span>2.67€</span></div></div><div class="infos-produit-2"><a title="Voir le produit" href="petit-d%25C3%25A9jeuner-epicerie-sucr%25C3%25A9e/chocolats,-confiseries/pastilles-duo-fraises-en-%25C3%25A9tuis/id1/485/74230.html"><h3>TIC TAC</h3><h4>Pastilles duo fraises en étuis</h4><h4>Fraises</h4><p>
4, 72 g
<br/>
5.66€/kg
</p></a></div><div class="mini_picto_bas"></div></div></div></td><td><div class="bloc-produit nouveaute bientot-dispo"><div class="bloc-produit-content   "><a title="Voir le produit" href="petit-d%25C3%25A9jeuner-epicerie-sucr%25C3%25A9e/chocolats,-confiseries/s%25C3%25A8ve-de-pin/id1/485/75389.html"><img src="http://www.auchandirect.fr/static/images/products/line/75389.jpg" alt="" class="produit "/></a><div class="picto"><span class="invisible"></span></div><img alt="nouveauté" src="http://www.auchandirect.fr/static/images/ruban-nouveaute_small.png" class="ruban"/><div class="boutons-produit"><a class="bt-produit-ajout-panier disable" title="Bientôt disponible" href="javascript:void(0)"><span>Bientôt disponible</span></a><a id="addProductToShoppingList_60" onclick="javascript:Tapestry.waitForPage(event);" title="Ajouter à ma liste" class="bt-produit-ajout-liste" href="http://www.auchandirect.fr/rayon.productgridorlist.productlist.thumbnailproduct.addproducttoshoppinglist/75389?t:ac=nouveautes">Ajouter à ma liste</a></div><div class="infos-produit-1"><div class="prix-actuel"><span>2.40€</span></div></div><div class="infos-produit-2"><a title="Voir le produit" href="petit-d%25C3%25A9jeuner-epicerie-sucr%25C3%25A9e/chocolats,-confiseries/s%25C3%25A8ve-de-pin/id1/485/75389.html"><h3>VERQUIN</h3><h4>Sève de pin</h4><h4>Croibleu</h4><p>
250 g
<br/>
9.60€/kg
</p></a></div><div class="mini_picto_bas"></div></div></div></td><td></td></tr></table><div class="pro-ecolo"><h1>Boissons</h1></div><table><tr><td><div class="bloc-produit promotion"><div class="bloc-produit-content   "><a title="Voir le produit" href="boissons/vins-et-champagnes/bordeaux-classique/id1/506/111644.html"><img src="http://www.auchandirect.fr/static/images/products/line/111644.jpg" alt="" class="produit "/></a><div class="picto"><span class="invisible"></span></div><img src="http://www.auchandirect.fr/static/images/promo_small.png" class="ruban"/><div class="boutons-produit"><a id="addProductToBasket_55" onclick="javascript:Tapestry.waitForPage(event);" title="Ajouter au panier" class="bt-produit-ajout-panier" href="http://www.auchandirect.fr/rayon.productgridorlist.productlist.thumbnailproduct.addproducttobasket/111644?t:ac=nouveautes"><span>Ajouter au panier</span></a><a id="addProductToShoppingList_61" onclick="javascript:Tapestry.waitForPage(event);" title="Ajouter à ma liste" class="bt-produit-ajout-liste" href="http://www.auchandirect.fr/rayon.productgridorlist.productlist.thumbnailproduct.addproducttoshoppinglist/111644?t:ac=nouveautes">Ajouter à ma liste</a></div><div class="infos-produit-1"><div class="prix-old">7.99€</div><div class="prix-promo">5.99€</div></div><div class="infos-produit-2"><a title="Voir le produit" href="boissons/vins-et-champagnes/bordeaux-classique/id1/506/111644.html"><h3>BOURGOGNE CHARDONNAY</h3><h4>Bordeaux classique</h4><h4></h4><p>
75 cl
<br/>
7.99€/l
</p></a></div><div class="mini_picto_bas"></div></div></div></td><td><div class="bloc-produit promotion"><div class="bloc-produit-content   "><a title="Voir le produit" href="boissons/vins-et-champagnes/champagne-brut-cuv%25C3%25A9e-prestige/id1/506/111622.html"><img src="http://www.auchandirect.fr/static/images/products/line/111622.jpg" alt="" class="produit "/></a><div class="picto"><span class="invisible"></span></div><img src="http://www.auchandirect.fr/static/images/promo_small.png" class="ruban"/><div class="boutons-produit"><a id="addProductToBasket_56" onclick="javascript:Tapestry.waitForPage(event);" title="Ajouter au panier" class="bt-produit-ajout-panier" href="http://www.auchandirect.fr/rayon.productgridorlist.productlist.thumbnailproduct.addproducttobasket/111622?t:ac=nouveautes"><span>Ajouter au panier</span></a><a id="addProductToShoppingList_62" onclick="javascript:Tapestry.waitForPage(event);" title="Ajouter à ma liste" class="bt-produit-ajout-liste" href="http://www.auchandirect.fr/rayon.productgridorlist.productlist.thumbnailproduct.addproducttoshoppinglist/111622?t:ac=nouveautes">Ajouter à ma liste</a></div><div class="infos-produit-1"><div class="prix-old">31.90€</div><div class="prix-promo">19.99€</div></div><div class="infos-produit-2"><a title="Voir le produit" href="boissons/vins-et-champagnes/champagne-brut-cuv%25C3%25A9e-prestige/id1/506/111622.html"><h3>CAZANOVE</h3><h4>Champagne brut cuvée prestige</h4><h4></h4><p>
75 cl
<br/>
26.65€/l
</p></a></div><div class="mini_picto_bas"></div></div></div></td><td><div class="bloc-produit nouveaute bientot-dispo"><div class="bloc-produit-content   "><a title="Voir le produit" href="boissons/vins-et-champagnes/bordeaux-classique/id1/506/111643.html"><img src="http://www.auchandirect.fr/static/images/products/line/111643.jpg" alt="" class="produit "/></a><div class="picto"><span class="invisible"></span></div><img alt="nouveauté" src="http://www.auchandirect.fr/static/images/ruban-nouveaute_small.png" class="ruban"/><div class="boutons-produit"><a class="bt-produit-ajout-panier disable" title="Bientôt disponible" href="javascript:void(0)"><span>Bientôt disponible</span></a><a id="addProductToShoppingList_63" onclick="javascript:Tapestry.waitForPage(event);" title="Ajouter à ma liste" class="bt-produit-ajout-liste" href="http://www.auchandirect.fr/rayon.productgridorlist.productlist.thumbnailproduct.addproducttoshoppinglist/111643?t:ac=nouveautes">Ajouter à ma liste</a></div><div class="infos-produit-1"><div class="prix-actuel"><span>19.99€</span></div></div><div class="infos-produit-2"><a title="Voir le produit" href="boissons/vins-et-champagnes/bordeaux-classique/id1/506/111643.html"><h3>CHATEAUNEUF DU PAPE</h3><h4>Bordeaux classique</h4><h4></h4><p>
75 cl
<br/>
26.65€/l
</p></a></div><div class="mini_picto_bas"></div></div></div></td></tr><tr><td><div class="bloc-produit nouveaute"><div class="bloc-produit-content   "><a title="Voir le produit" href="boissons/vins-et-champagnes/vin-rouge-aop/id1/506/77156.html"><img src="http://www.auchandirect.fr/static/images/products/line/77156.jpg" alt="" class="produit "/></a><div class="picto"><span class="invisible"></span></div><img alt="nouveauté" src="http://www.auchandirect.fr/static/images/ruban-nouveaute_small.png" class="ruban"/><div class="boutons-produit"><a id="addProductToBasket_57" onclick="javascript:Tapestry.waitForPage(event);" title="Ajouter au panier" class="bt-produit-ajout-panier" href="http://www.auchandirect.fr/rayon.productgridorlist.productlist.thumbnailproduct.addproducttobasket/77156?t:ac=nouveautes"><span>Ajouter au panier</span></a><a id="addProductToShoppingList_64" onclick="javascript:Tapestry.waitForPage(event);" title="Ajouter à ma liste" class="bt-produit-ajout-liste" href="http://www.auchandirect.fr/rayon.productgridorlist.productlist.thumbnailproduct.addproducttoshoppinglist/77156?t:ac=nouveautes">Ajouter à ma liste</a></div><div class="infos-produit-1"><div class="prix-actuel"><span>1.99€</span></div></div><div class="infos-produit-2"><a title="Voir le produit" href="boissons/vins-et-champagnes/vin-rouge-aop/id1/506/77156.html"><h3>COTES DU RHONE</h3><h4>Vin rouge AOP</h4><h4>Pierre Chanau 2011</h4><p>
37.5 cl
<br/>
5.24€/l
</p></a></div><div class="mini_picto_bas"><!-- FIXME IDEM --><span class="com.atosworldline.ri.auchan.direct.front.tapestry.data.multimedia.Picture@4e5ed5fd pictoListing txtImg">XXXXX</span></div></div></div></td><td><div class="bloc-produit nouveaute"><div class="bloc-produit-content   "><a title="Voir le produit" href="boissons/bi%25C3%25A8res,-cidres/bi%25C3%25A8re-blonde-allemande-11%25C2%25B0/id1/474/100776.html"><img src="http://www.auchandirect.fr/static/images/products/line/100776.jpg" alt="" class="produit "/></a><div class="picto"><span class="invisible"></span></div><img alt="nouveauté" src="http://www.auchandirect.fr/static/images/ruban-nouveaute_small.png" class="ruban"/><div class="boutons-produit"><a id="addProductToBasket_58" onclick="javascript:Tapestry.waitForPage(event);" title="Ajouter au panier" class="bt-produit-ajout-panier" href="http://www.auchandirect.fr/rayon.productgridorlist.productlist.thumbnailproduct.addproducttobasket/100776?t:ac=nouveautes"><span>Ajouter au panier</span></a><a id="addProductToShoppingList_65" onclick="javascript:Tapestry.waitForPage(event);" title="Ajouter à ma liste" class="bt-produit-ajout-liste" href="http://www.auchandirect.fr/rayon.productgridorlist.productlist.thumbnailproduct.addproducttoshoppinglist/100776?t:ac=nouveautes">Ajouter à ma liste</a></div><div class="infos-produit-1"><div class="prix-actuel"><span>1.84€</span></div></div><div class="infos-produit-2"><a title="Voir le produit" href="boissons/bi%25C3%25A8res,-cidres/bi%25C3%25A8re-blonde-allemande-11%25C2%25B0/id1/474/100776.html"><h3>EKU</h3><h4>Bière blonde allemande 11°</h4><h4></h4><p>
33 cl
<br/>
5.58€/l
</p></a></div><div class="mini_picto_bas"></div></div></div></td><td><div class="bloc-produit promotion"><div class="bloc-produit-content   "><a title="Voir le produit" href="boissons/vins-et-champagnes/champagne-1er-cru/id1/506/111623.html"><img src="http://www.auchandirect.fr/static/images/products/line/111623.jpg" alt="" class="produit "/></a><div class="picto"><span class="invisible"></span></div><img src="http://www.auchandirect.fr/static/images/promo_small.png" class="ruban"/><div class="boutons-produit"><a id="addProductToBasket_59" onclick="javascript:Tapestry.waitForPage(event);" title="Ajouter au panier" class="bt-produit-ajout-panier" href="http://www.auchandirect.fr/rayon.productgridorlist.productlist.thumbnailproduct.addproducttobasket/111623?t:ac=nouveautes"><span>Ajouter au panier</span></a><a id="addProductToShoppingList_66" onclick="javascript:Tapestry.waitForPage(event);" title="Ajouter à ma liste" class="bt-produit-ajout-liste" href="http://www.auchandirect.fr/rayon.productgridorlist.productlist.thumbnailproduct.addproducttoshoppinglist/111623?t:ac=nouveautes">Ajouter à ma liste</a></div><div class="infos-produit-1"><div class="prix-old">33.90€</div><div class="prix-promo">19.99€</div></div><div class="infos-produit-2"><a title="Voir le produit" href="boissons/vins-et-champagnes/champagne-1er-cru/id1/506/111623.html"><h3>GH MARTEL</h3><h4>Champagne 1er cru</h4><h4></h4><p>
75 cl
<br/>
26.65€/l
</p></a></div><div class="mini_picto_bas"><!-- FIXME IDEM --><span class="com.atosworldline.ri.auchan.direct.front.tapestry.data.multimedia.Picture@36232995 pictoListing txtImg">XXXXX</span></div></div></div></td></tr><tr><td><div class="bloc-produit promotion"><div class="bloc-produit-content   "><a title="Voir le produit" href="boissons/vins-et-champagnes/ch%25C3%25A2teau-charmail-2009/id1/506/111627.html"><img src="http://www.auchandirect.fr/static/images/products/line/111627.jpg" alt="" class="produit "/></a><div class="picto"><span class="invisible"></span></div><img src="http://www.auchandirect.fr/static/images/promo_small.png" class="ruban"/><div class="boutons-produit"><a id="addProductToBasket_60" onclick="javascript:Tapestry.waitForPage(event);" title="Ajouter au panier" class="bt-produit-ajout-panier" href="http://www.auchandirect.fr/rayon.productgridorlist.productlist.thumbnailproduct.addproducttobasket/111627?t:ac=nouveautes"><span>Ajouter au panier</span></a><a id="addProductToShoppingList_67" onclick="javascript:Tapestry.waitForPage(event);" title="Ajouter à ma liste" class="bt-produit-ajout-liste" href="http://www.auchandirect.fr/rayon.productgridorlist.productlist.thumbnailproduct.addproducttoshoppinglist/111627?t:ac=nouveautes">Ajouter à ma liste</a></div><div class="infos-produit-1"><div class="prix-old">19.99€</div><div class="prix-promo">16.99€</div></div><div class="infos-produit-2"><a title="Voir le produit" href="boissons/vins-et-champagnes/ch%25C3%25A2teau-charmail-2009/id1/506/111627.html"><h3>HAUT MEDOC</h3><h4>Château Charmail 2009</h4><h4></h4><p>
75 cl
<br/>
22.65€/l
</p></a></div><div class="mini_picto_bas"><!-- FIXME IDEM --><span class="com.atosworldline.ri.auchan.direct.front.tapestry.data.multimedia.Picture@46f155d4 pictoListing txtImg">XXXXX</span></div></div></div></td><td><div class="bloc-produit promotion"><div class="bloc-produit-content   "><a title="Voir le produit" href="boissons/vins-et-champagnes/ch%25C3%25A2teau-citran/id1/506/111641.html"><img src="http://www.auchandirect.fr/static/images/products/line/111641.jpg" alt="" class="produit "/></a><div class="picto"><span class="invisible"></span></div><img src="http://www.auchandirect.fr/static/images/promo_small.png" class="ruban"/><div class="boutons-produit"><a id="addProductToBasket_61" onclick="javascript:Tapestry.waitForPage(event);" title="Ajouter au panier" class="bt-produit-ajout-panier" href="http://www.auchandirect.fr/rayon.productgridorlist.productlist.thumbnailproduct.addproducttobasket/111641?t:ac=nouveautes"><span>Ajouter au panier</span></a><a id="addProductToShoppingList_68" onclick="javascript:Tapestry.waitForPage(event);" title="Ajouter à ma liste" class="bt-produit-ajout-liste" href="http://www.auchandirect.fr/rayon.productgridorlist.productlist.thumbnailproduct.addproducttoshoppinglist/111641?t:ac=nouveautes">Ajouter à ma liste</a></div><div class="infos-produit-1"><div class="prix-old">16.99€</div><div class="prix-promo">12.99€</div></div><div class="infos-produit-2"><a title="Voir le produit" href="boissons/vins-et-champagnes/ch%25C3%25A2teau-citran/id1/506/111641.html"><h3>HAUT MEDOC</h3><h4>Château Citran</h4><h4></h4><p>
75 cl
<br/>
17.32€/pièce
</p></a></div><div class="mini_picto_bas"><!-- FIXME IDEM --><span class="com.atosworldline.ri.auchan.direct.front.tapestry.data.multimedia.Picture@32222cf8 pictoListing txtImg">XXXXX</span></div></div></div></td><td><div class="bloc-produit promotion"><div class="bloc-produit-content   "><a title="Voir le produit" href="boissons/vins-et-champagnes/ch%25C3%25A2teau-layauga---duboscq/id1/506/111642.html"><img src="http://www.auchandirect.fr/static/images/products/line/111642.jpg" alt="" class="produit "/></a><div class="picto"><span class="invisible"></span></div><img src="http://www.auchandirect.fr/static/images/promo_small.png" class="ruban"/><div class="boutons-produit"><a id="addProductToBasket_62" onclick="javascript:Tapestry.waitForPage(event);" title="Ajouter au panier" class="bt-produit-ajout-panier" href="http://www.auchandirect.fr/rayon.productgridorlist.productlist.thumbnailproduct.addproducttobasket/111642?t:ac=nouveautes"><span>Ajouter au panier</span></a><a id="addProductToShoppingList_69" onclick="javascript:Tapestry.waitForPage(event);" title="Ajouter à ma liste" class="bt-produit-ajout-liste" href="http://www.auchandirect.fr/rayon.productgridorlist.productlist.thumbnailproduct.addproducttoshoppinglist/111642?t:ac=nouveautes">Ajouter à ma liste</a></div><div class="infos-produit-1"><div class="prix-old">19.99€</div><div class="prix-promo">15.99€</div></div><div class="infos-produit-2"><a title="Voir le produit" href="boissons/vins-et-champagnes/ch%25C3%25A2teau-layauga---duboscq/id1/506/111642.html"><h3>HAUT MEDOC</h3><h4>Château Layauga - Duboscq</h4><h4></h4><p>
75 cl
<br/>
21.32€/l
</p></a></div><div class="mini_picto_bas"><!-- FIXME IDEM --><span class="com.atosworldline.ri.auchan.direct.front.tapestry.data.multimedia.Picture@79adbec8 pictoListing txtImg">XXXXX</span></div></div></div></td></tr><tr><td><div class="bloc-produit nouveaute"><div class="bloc-produit-content   "><a title="Voir le produit" href="boissons/bi%25C3%25A8res,-cidres/bi%25C3%25A8re-blonde-belge-8%25C2%25B0/id1/474/2721.html"><img src="http://www.auchandirect.fr/static/images/products/line/2721.jpg" alt="" class="produit "/></a><div class="picto"><span class="invisible"></span></div><img alt="nouveauté" src="http://www.auchandirect.fr/static/images/ruban-nouveaute_small.png" class="ruban"/><div class="boutons-produit"><a id="addProductToBasket_63" onclick="javascript:Tapestry.waitForPage(event);" title="Ajouter au panier" class="bt-produit-ajout-panier" href="http://www.auchandirect.fr/rayon.productgridorlist.productlist.thumbnailproduct.addproducttobasket/2721?t:ac=nouveautes"><span>Ajouter au panier</span></a><a id="addProductToShoppingList_70" onclick="javascript:Tapestry.waitForPage(event);" title="Ajouter à ma liste" class="bt-produit-ajout-liste" href="http://www.auchandirect.fr/rayon.productgridorlist.productlist.thumbnailproduct.addproducttoshoppinglist/2721?t:ac=nouveautes">Ajouter à ma liste</a></div><div class="infos-produit-1"><div class="prix-actuel"><span>1.76€</span></div></div><div class="infos-produit-2"><a title="Voir le produit" href="boissons/bi%25C3%25A8res,-cidres/bi%25C3%25A8re-blonde-belge-8%25C2%25B0/id1/474/2721.html"><h3>KWAK</h3><h4>Bière blonde belge 8°</h4><h4></h4><p>
33 cl
<br/>
53.33€/l
</p></a></div><div class="mini_picto_bas"></div></div></div></td><td><div class="bloc-produit promotion"><div class="bloc-produit-content   "><a title="Voir le produit" href="boissons/vins-et-champagnes/bordeaux-classique/id1/506/111628.html"><img src="http://www.auchandirect.fr/static/images/products/line/111628.jpg" alt="" class="produit "/></a><div class="picto"><span class="invisible"></span></div><img src="http://www.auchandirect.fr/static/images/promo_small.png" class="ruban"/><div class="boutons-produit"><a id="addProductToBasket_64" onclick="javascript:Tapestry.waitForPage(event);" title="Ajouter au panier" class="bt-produit-ajout-panier" href="http://www.auchandirect.fr/rayon.productgridorlist.productlist.thumbnailproduct.addproducttobasket/111628?t:ac=nouveautes"><span>Ajouter au panier</span></a><a id="addProductToShoppingList_71" onclick="javascript:Tapestry.waitForPage(event);" title="Ajouter à ma liste" class="bt-produit-ajout-liste" href="http://www.auchandirect.fr/rayon.productgridorlist.productlist.thumbnailproduct.addproducttoshoppinglist/111628?t:ac=nouveautes">Ajouter à ma liste</a></div><div class="infos-produit-1"><div class="prix-old">16.99€</div><div class="prix-promo">12.99€</div></div><div class="infos-produit-2"><a title="Voir le produit" href="boissons/vins-et-champagnes/bordeaux-classique/id1/506/111628.html"><h3>LISTRAC</h3><h4>Bordeaux classique</h4><h4></h4><p>
75 cl
<br/>
17.32€/l
</p></a></div><div class="mini_picto_bas"></div></div></div></td><td><div class="bloc-produit promotion"><div class="bloc-produit-content   "><a title="Voir le produit" href="boissons/vins-et-champagnes/champagne-brut-mill%25C3%25A9sim%25C3%25A9/id1/506/111624.html"><img src="http://www.auchandirect.fr/static/images/products/line/111624.jpg" alt="" class="produit "/></a><div class="picto"><span class="invisible"></span></div><img src="http://www.auchandirect.fr/static/images/promo_small.png" class="ruban"/><div class="boutons-produit"><a id="addProductToBasket_65" onclick="javascript:Tapestry.waitForPage(event);" title="Ajouter au panier" class="bt-produit-ajout-panier" href="http://www.auchandirect.fr/rayon.productgridorlist.productlist.thumbnailproduct.addproducttobasket/111624?t:ac=nouveautes"><span>Ajouter au panier</span></a><a id="addProductToShoppingList_72" onclick="javascript:Tapestry.waitForPage(event);" title="Ajouter à ma liste" class="bt-produit-ajout-liste" href="http://www.auchandirect.fr/rayon.productgridorlist.productlist.thumbnailproduct.addproducttoshoppinglist/111624?t:ac=nouveautes">Ajouter à ma liste</a></div><div class="infos-produit-1"><div class="prix-old">34.99€</div><div class="prix-promo">24.99€</div></div><div class="infos-produit-2"><a title="Voir le produit" href="boissons/vins-et-champagnes/champagne-brut-mill%25C3%25A9sim%25C3%25A9/id1/506/111624.html"><h3>MONTAUDON</h3><h4>Champagne brut millésimé</h4><h4></h4><p>
75 cl
<br/>
33.32€/l
</p></a></div><div class="mini_picto_bas"></div></div></div></td></tr><tr><td><div class="bloc-produit nouveaute bientot-dispo"><div class="bloc-produit-content   "><a title="Voir le produit" href="boissons/jus,-softs/boisson-gazeuse/id1/476/73627.html"><img src="http://www.auchandirect.fr/static/images/products/line/73627.jpg" alt="" class="produit "/></a><div class="picto"><span class="invisible"></span></div><img alt="nouveauté" src="http://www.auchandirect.fr/static/images/ruban-nouveaute_small.png" class="ruban"/><div class="boutons-produit"><a class="bt-produit-ajout-panier disable" title="Bientôt disponible" href="javascript:void(0)"><span>Bientôt disponible</span></a><a id="addProductToShoppingList_73" onclick="javascript:Tapestry.waitForPage(event);" title="Ajouter à ma liste" class="bt-produit-ajout-liste" href="http://www.auchandirect.fr/rayon.productgridorlist.productlist.thumbnailproduct.addproducttoshoppinglist/73627?t:ac=nouveautes">Ajouter à ma liste</a></div><div class="infos-produit-1"><div class="prix-actuel"><span>2.46€</span></div></div><div class="infos-produit-2"><a title="Voir le produit" href="boissons/jus,-softs/boisson-gazeuse/id1/476/73627.html"><h3>ORANGINA</h3><h4>Boisson gazeuse</h4><h4>Orange</h4><p>
2 l
<br/>
1.23€/l
</p></a></div><div class="mini_picto_bas"></div></div></div></td><td><div class="bloc-produit nouveaute bientot-dispo"><div class="bloc-produit-content   "><a title="Voir le produit" href="boissons/jus,-softs/boisson-gazeuse-rafra%25C3%25AEchissante/id1/476/97050.html"><img src="http://www.auchandirect.fr/static/images/products/line/97050.jpg" alt="" class="produit "/></a><div class="picto"><span class="invisible"></span></div><img alt="nouveauté" src="http://www.auchandirect.fr/static/images/ruban-nouveaute_small.png" class="ruban"/><div class="boutons-produit"><a class="bt-produit-ajout-panier disable" title="Bientôt disponible" href="javascript:void(0)"><span>Bientôt disponible</span></a><a id="addProductToShoppingList_74" onclick="javascript:Tapestry.waitForPage(event);" title="Ajouter à ma liste" class="bt-produit-ajout-liste" href="http://www.auchandirect.fr/rayon.productgridorlist.productlist.thumbnailproduct.addproducttoshoppinglist/97050?t:ac=nouveautes">Ajouter à ma liste</a></div><div class="infos-produit-1"><div class="prix-actuel"><span>2.12€</span></div></div><div class="infos-produit-2"><a title="Voir le produit" href="boissons/jus,-softs/boisson-gazeuse-rafra%25C3%25AEchissante/id1/476/97050.html"><h3>PEPSI MAX</h3><h4>Boisson gazeuse rafraîchissante</h4><h4></h4><p>
2 l
<br/>
1.06€/l
</p></a></div><div class="mini_picto_bas"></div></div></div></td><td><div class="bloc-produit promotion bientot-dispo"><div class="bloc-produit-content   "><a title="Voir le produit" href="boissons/vins-et-champagnes/champagne-brut/id1/506/111621.html"><img src="http://www.auchandirect.fr/static/images/products/line/111621.jpg" alt="" class="produit "/></a><div class="picto"><span class="invisible"></span></div><img src="http://www.auchandirect.fr/static/images/promo_small.png" class="ruban"/><div class="boutons-produit"><a class="bt-produit-ajout-panier disable" title="Bientôt disponible" href="javascript:void(0)"><span>Bientôt disponible</span></a><a id="addProductToShoppingList_75" onclick="javascript:Tapestry.waitForPage(event);" title="Ajouter à ma liste" class="bt-produit-ajout-liste" href="http://www.auchandirect.fr/rayon.productgridorlist.productlist.thumbnailproduct.addproducttoshoppinglist/111621?t:ac=nouveautes">Ajouter à ma liste</a></div><div class="infos-produit-1"><div class="prix-old">41.90€</div><div class="prix-promo">22.99€</div></div><div class="infos-produit-2"><a title="Voir le produit" href="boissons/vins-et-champagnes/champagne-brut/id1/506/111621.html"><h3>PIPER-HEIDSIECK</h3><h4>Champagne brut</h4><h4>Etui millésime 2000</h4><p>
75 cl
<br/>
30.65€/l
</p></a></div><div class="mini_picto_bas"><!-- FIXME IDEM --><span class="com.atosworldline.ri.auchan.direct.front.tapestry.data.multimedia.Picture@3a78f7e2 pictoListing txtImg">XXXXX</span></div></div></div></td></tr><tr><td><div class="bloc-produit promotion"><div class="bloc-produit-content   "><a title="Voir le produit" href="boissons/vins-et-champagnes/vin-blanc/id1/506/111645.html"><img src="http://www.auchandirect.fr/static/images/products/line/111645.jpg" alt="" class="produit "/></a><div class="picto"><span class="invisible"></span></div><img src="http://www.auchandirect.fr/static/images/promo_small.png" class="ruban"/><div class="boutons-produit"><a id="addProductToBasket_66" onclick="javascript:Tapestry.waitForPage(event);" title="Ajouter au panier" class="bt-produit-ajout-panier" href="http://www.auchandirect.fr/rayon.productgridorlist.productlist.thumbnailproduct.addproducttobasket/111645?t:ac=nouveautes"><span>Ajouter au panier</span></a><a id="addProductToShoppingList_76" onclick="javascript:Tapestry.waitForPage(event);" title="Ajouter à ma liste" class="bt-produit-ajout-liste" href="http://www.auchandirect.fr/rayon.productgridorlist.productlist.thumbnailproduct.addproducttoshoppinglist/111645?t:ac=nouveautes">Ajouter à ma liste</a></div><div class="infos-produit-1"><div class="prix-old">19.99€</div><div class="prix-promo">14.99€</div></div><div class="infos-produit-2"><a title="Voir le produit" href="boissons/vins-et-champagnes/vin-blanc/id1/506/111645.html"><h3>RIESLING</h3><h4>Vin blanc</h4><h4></h4><p>
75 cl
<br/>
19.99€/l
</p></a></div><div class="mini_picto_bas"></div></div></div></td><td><div class="bloc-produit promotion"><div class="bloc-produit-content   "><a title="Voir le produit" href="boissons/vins-et-champagnes/vin-blanc-13-5%25C2%25B0/id1/506/103727.html"><img src="http://www.auchandirect.fr/static/images/products/line/103727.jpg" alt="" class="produit "/></a><div class="picto"><span class="invisible"></span></div><img src="http://www.auchandirect.fr/static/images/promo_small.png" class="ruban"/><div class="boutons-produit"><a id="addProductToBasket_67" onclick="javascript:Tapestry.waitForPage(event);" title="Ajouter au panier" class="bt-produit-ajout-panier" href="http://www.auchandirect.fr/rayon.productgridorlist.productlist.thumbnailproduct.addproducttobasket/103727?t:ac=nouveautes"><span>Ajouter au panier</span></a><a id="addProductToShoppingList_77" onclick="javascript:Tapestry.waitForPage(event);" title="Ajouter à ma liste" class="bt-produit-ajout-liste" href="http://www.auchandirect.fr/rayon.productgridorlist.productlist.thumbnailproduct.addproducttoshoppinglist/103727?t:ac=nouveautes">Ajouter à ma liste</a></div><div class="infos-produit-1"><div class="prix-old">16.99€</div><div class="prix-promo">12.99€</div></div><div class="infos-produit-2"><a title="Voir le produit" href="boissons/vins-et-champagnes/vin-blanc-13-5%25C2%25B0/id1/506/103727.html"><h3>SAINTE CROIX DU MONT</h3><h4>Vin blanc 13.5°</h4><h4>Château la Rame 2009</h4><p>
75 cl
<br/>
17.32€/l
</p></a></div><div class="mini_picto_bas"><!-- FIXME IDEM --><span class="com.atosworldline.ri.auchan.direct.front.tapestry.data.multimedia.Picture@381a669a pictoListing txtImg">XXXXX</span></div></div></div></td><td><div class="bloc-produit nouveaute"><div class="bloc-produit-content   "><a title="Voir le produit" href="boissons/vins-et-champagnes/vin-ros%25C3%25A9-d'alg%25C3%25A9rie/id1/506/47515.html"><img src="http://www.auchandirect.fr/static/images/products/line/47515.jpg" alt="" class="produit "/></a><div class="picto"><span class="invisible"></span></div><img alt="nouveauté" src="http://www.auchandirect.fr/static/images/ruban-nouveaute_small.png" class="ruban"/><div class="boutons-produit"><a id="addProductToBasket_68" onclick="javascript:Tapestry.waitForPage(event);" title="Ajouter au panier" class="bt-produit-ajout-panier" href="http://www.auchandirect.fr/rayon.productgridorlist.productlist.thumbnailproduct.addproducttobasket/47515?t:ac=nouveautes"><span>Ajouter au panier</span></a><a id="addProductToShoppingList_78" onclick="javascript:Tapestry.waitForPage(event);" title="Ajouter à ma liste" class="bt-produit-ajout-liste" href="http://www.auchandirect.fr/rayon.productgridorlist.productlist.thumbnailproduct.addproducttoshoppinglist/47515?t:ac=nouveautes">Ajouter à ma liste</a></div><div class="infos-produit-1"><div class="prix-actuel"><span>3.75€</span></div></div><div class="infos-produit-2"><a title="Voir le produit" href="boissons/vins-et-champagnes/vin-ros%25C3%25A9-d'alg%25C3%25A9rie/id1/506/47515.html"><h3>SIDI BRAHIM</h3><h4>Vin rosé D'Algérie</h4><h4></h4><p>
75 cl
<br/>
5.00€/l
</p></a></div><div class="mini_picto_bas"></div></div></div></td></tr><tr><td><div class="bloc-produit promotion"><div class="bloc-produit-content   "><a title="Voir le produit" href="boissons/vins-et-champagnes/vin-ros%25C3%25A9/id1/506/111646.html"><img src="http://www.auchandirect.fr/static/images/products/line/111646.jpg" alt="" class="produit "/></a><div class="picto"><span class="invisible"></span></div><img src="http://www.auchandirect.fr/static/images/promo_small.png" class="ruban"/><div class="boutons-produit"><a id="addProductToBasket_69" onclick="javascript:Tapestry.waitForPage(event);" title="Ajouter au panier" class="bt-produit-ajout-panier" href="http://www.auchandirect.fr/rayon.productgridorlist.productlist.thumbnailproduct.addproducttobasket/111646?t:ac=nouveautes"><span>Ajouter au panier</span></a><a id="addProductToShoppingList_79" onclick="javascript:Tapestry.waitForPage(event);" title="Ajouter à ma liste" class="bt-produit-ajout-liste" href="http://www.auchandirect.fr/rayon.productgridorlist.productlist.thumbnailproduct.addproducttoshoppinglist/111646?t:ac=nouveautes">Ajouter à ma liste</a></div><div class="infos-produit-1"><div class="prix-old">9.99€</div><div class="prix-promo">7.99€</div></div><div class="infos-produit-2"><a title="Voir le produit" href="boissons/vins-et-champagnes/vin-ros%25C3%25A9/id1/506/111646.html"><h3>TAVEL</h3><h4>Vin rosé</h4><h4></h4><p>
75 cl
<br/>
10.65€/l
</p></a></div><div class="mini_picto_bas"></div></div></div></td><td><div class="bloc-produit nouveaute"><div class="bloc-produit-content   "><a title="Voir le produit" href="boissons/jus,-softs/jus-multifruit/id1/476/75436.html"><img src="http://www.auchandirect.fr/static/images/products/line/75436.jpg" alt="" class="produit "/></a><div class="picto"><span class="invisible"></span></div><img alt="nouveauté" src="http://www.auchandirect.fr/static/images/ruban-nouveaute_small.png" class="ruban"/><div class="boutons-produit"><a id="addProductToBasket_70" onclick="javascript:Tapestry.waitForPage(event);" title="Ajouter au panier" class="bt-produit-ajout-panier" href="http://www.auchandirect.fr/rayon.productgridorlist.productlist.thumbnailproduct.addproducttobasket/75436?t:ac=nouveautes"><span>Ajouter au panier</span></a><a id="addProductToShoppingList_80" onclick="javascript:Tapestry.waitForPage(event);" title="Ajouter à ma liste" class="bt-produit-ajout-liste" href="http://www.auchandirect.fr/rayon.productgridorlist.productlist.thumbnailproduct.addproducttoshoppinglist/75436?t:ac=nouveautes">Ajouter à ma liste</a></div><div class="infos-produit-1"><div class="prix-actuel"><span>3.75€</span></div></div><div class="infos-produit-2"><a title="Voir le produit" href="boissons/jus,-softs/jus-multifruit/id1/476/75436.html"><h3>TROPICANA</h3><h4>Jus multifruit</h4><h4>Reveil gourmand</h4><p>
1.5 l
<br/>
2.50€/l
</p></a></div><div class="mini_picto_bas"></div></div></div></td><td><div class="bloc-produit nouveaute"><div class="bloc-produit-content   "><a title="Voir le produit" href="boissons/eaux/au-jus-de-fruits-exotiques/id1/478/110465.html"><img src="http://www.auchandirect.fr/static/images/products/line/110465.jpg" alt="" class="produit "/></a><div class="picto"><span class="invisible"></span></div><img alt="nouveauté" src="http://www.auchandirect.fr/static/images/ruban-nouveaute_small.png" class="ruban"/><div class="boutons-produit"><a id="addProductToBasket_71" onclick="javascript:Tapestry.waitForPage(event);" title="Ajouter au panier" class="bt-produit-ajout-panier" href="http://www.auchandirect.fr/rayon.productgridorlist.productlist.thumbnailproduct.addproducttobasket/110465?t:ac=nouveautes"><span>Ajouter au panier</span></a><a id="addProductToShoppingList_81" onclick="javascript:Tapestry.waitForPage(event);" title="Ajouter à ma liste" class="bt-produit-ajout-liste" href="http://www.auchandirect.fr/rayon.productgridorlist.productlist.thumbnailproduct.addproducttoshoppinglist/110465?t:ac=nouveautes">Ajouter à ma liste</a></div><div class="infos-produit-1"><div class="prix-actuel"><span>1.38€</span></div></div><div class="infos-produit-2"><a title="Voir le produit" href="boissons/eaux/au-jus-de-fruits-exotiques/id1/478/110465.html"><h3>VOLVIC</h3><h4>au Jus de fruits exotiques</h4><h4></h4><p>
1.5 l
<br/>
0.92€/l
</p></a></div><div class="mini_picto_bas"></div></div></div></td></tr><tr><td></td><td></td><td></td></tr></table><div class="pro-ecolo"><h1>Bébé</h1></div><table><tr><td><div class="bloc-produit nouveaute"><div class="bloc-produit-content   "><a title="Voir le produit" href="b%25C3%25A9b%25C3%25A9/couches,-culottes/changes-%25C3%25A9volution-unisexe-taille-4/id1/490/110645.html"><img src="http://www.auchandirect.fr/static/images/products/line/110645.jpg" alt="" class="produit "/></a><div class="picto"><span class="invisible"></span></div><img alt="nouveauté" src="http://www.auchandirect.fr/static/images/ruban-nouveaute_small.png" class="ruban"/><div class="boutons-produit"><a id="addProductToBasket_72" onclick="javascript:Tapestry.waitForPage(event);" title="Ajouter au panier" class="bt-produit-ajout-panier" href="http://www.auchandirect.fr/rayon.productgridorlist.productlist.thumbnailproduct.addproducttobasket/110645?t:ac=nouveautes"><span>Ajouter au panier</span></a><a id="addProductToShoppingList_82" onclick="javascript:Tapestry.waitForPage(event);" title="Ajouter à ma liste" class="bt-produit-ajout-liste" href="http://www.auchandirect.fr/rayon.productgridorlist.productlist.thumbnailproduct.addproducttoshoppinglist/110645?t:ac=nouveautes">Ajouter à ma liste</a></div><div class="infos-produit-1"><div class="prix-actuel"><span>9.27€</span></div></div><div class="infos-produit-2"><a title="Voir le produit" href="b%25C3%25A9b%25C3%25A9/couches,-culottes/changes-%25C3%25A9volution-unisexe-taille-4/id1/490/110645.html"><h3>AUCHAN BABY</h3><h4>Changes évolution unisexe taille 4</h4><h4></h4><p>
x 42
<br/>
0.22€/pièce
</p></a></div><div class="mini_picto_bas"></div></div></div></td><td><div class="bloc-produit nouveaute"><div class="bloc-produit-content   "><a title="Voir le produit" href="b%25C3%25A9b%25C3%25A9/couches,-culottes/changes-%25C3%25A9volution-unisexe-taille-6/id1/490/110635.html"><img src="http://www.auchandirect.fr/static/images/products/line/110635.jpg" alt="" class="produit "/></a><div class="picto"><span class="invisible"></span></div><img alt="nouveauté" src="http://www.auchandirect.fr/static/images/ruban-nouveaute_small.png" class="ruban"/><div class="boutons-produit"><a id="addProductToBasket_73" onclick="javascript:Tapestry.waitForPage(event);" title="Ajouter au panier" class="bt-produit-ajout-panier" href="http://www.auchandirect.fr/rayon.productgridorlist.productlist.thumbnailproduct.addproducttobasket/110635?t:ac=nouveautes"><span>Ajouter au panier</span></a><a id="addProductToShoppingList_83" onclick="javascript:Tapestry.waitForPage(event);" title="Ajouter à ma liste" class="bt-produit-ajout-liste" href="http://www.auchandirect.fr/rayon.productgridorlist.productlist.thumbnailproduct.addproducttoshoppinglist/110635?t:ac=nouveautes">Ajouter à ma liste</a></div><div class="infos-produit-1"><div class="prix-actuel"><span>7.95€</span></div></div><div class="infos-produit-2"><a title="Voir le produit" href="b%25C3%25A9b%25C3%25A9/couches,-culottes/changes-%25C3%25A9volution-unisexe-taille-6/id1/490/110635.html"><h3>AUCHAN BABY</h3><h4>Changes évolution unisexe taille 6</h4><h4></h4><p>
x 36
<br/>
0.22€/pièce
</p></a></div><div class="mini_picto_bas"></div></div></div></td><td><div class="bloc-produit nouveaute"><div class="bloc-produit-content   "><a title="Voir le produit" href="b%25C3%25A9b%25C3%25A9/toilette-et-soin/lait-de-toilette/id1/489/77089.html"><img src="http://www.auchandirect.fr/static/images/products/line/77089.jpg" alt="" class="produit "/></a><div class="picto"><span class="invisible"></span></div><img alt="nouveauté" src="http://www.auchandirect.fr/static/images/ruban-nouveaute_small.png" class="ruban"/><div class="boutons-produit"><a id="addProductToBasket_74" onclick="javascript:Tapestry.waitForPage(event);" title="Ajouter au panier" class="bt-produit-ajout-panier" href="http://www.auchandirect.fr/rayon.productgridorlist.productlist.thumbnailproduct.addproducttobasket/77089?t:ac=nouveautes"><span>Ajouter au panier</span></a><a id="addProductToShoppingList_84" onclick="javascript:Tapestry.waitForPage(event);" title="Ajouter à ma liste" class="bt-produit-ajout-liste" href="http://www.auchandirect.fr/rayon.productgridorlist.productlist.thumbnailproduct.addproducttoshoppinglist/77089?t:ac=nouveautes">Ajouter à ma liste</a></div><div class="infos-produit-1"><div class="prix-actuel"><span>6.97€</span></div></div><div class="infos-produit-2"><a title="Voir le produit" href="b%25C3%25A9b%25C3%25A9/toilette-et-soin/lait-de-toilette/id1/489/77089.html"><h3>BIOLANE</h3><h4>Lait de toilette</h4><h4></h4><p>
750 ml
<br/>
9.29€/l
</p></a></div><div class="mini_picto_bas"></div></div></div></td></tr><tr><td><div class="bloc-produit nouveaute bientot-dispo"><div class="bloc-produit-content   "><a title="Voir le produit" href="b%25C3%25A9b%25C3%25A9/alimentation-b%25C3%25A9b%25C3%25A9/jardini%25C3%25A8re-de-l%25C3%25A9gumes-poulet---d%25C3%25A8s-8-mois/id1/488/43804.html"><img src="http://www.auchandirect.fr/static/images/products/line/43804.jpg" alt="" class="produit "/></a><div class="picto"><span class="invisible"></span></div><img alt="nouveauté" src="http://www.auchandirect.fr/static/images/ruban-nouveaute_small.png" class="ruban"/><div class="boutons-produit"><a class="bt-produit-ajout-panier disable" title="Bientôt disponible" href="javascript:void(0)"><span>Bientôt disponible</span></a><a id="addProductToShoppingList_85" onclick="javascript:Tapestry.waitForPage(event);" title="Ajouter à ma liste" class="bt-produit-ajout-liste" href="http://www.auchandirect.fr/rayon.productgridorlist.productlist.thumbnailproduct.addproducttoshoppinglist/43804?t:ac=nouveautes">Ajouter à ma liste</a></div><div class="infos-produit-1"><div class="prix-actuel"><span>2.07€</span></div></div><div class="infos-produit-2"><a title="Voir le produit" href="b%25C3%25A9b%25C3%25A9/alimentation-b%25C3%25A9b%25C3%25A9/jardini%25C3%25A8re-de-l%25C3%25A9gumes-poulet---d%25C3%25A8s-8-mois/id1/488/43804.html"><h3>BLEDINA</h3><h4>Jardinière de légumes poulet - Dès 8 mois</h4><h4></h4><p>
2 x 200 g
<br/>
5.18€/kg
</p></a></div><div class="mini_picto_bas"></div></div></div></td><td><div class="bloc-produit nouveaute"><div class="bloc-produit-content   "><a title="Voir le produit" href="b%25C3%25A9b%25C3%25A9/alimentation-b%25C3%25A9b%25C3%25A9/pots-l%25C3%25A9gumes-verts-riz-et-saumon-(d%25C3%25A8s-6-mois)/id1/488/78261.html"><img src="http://www.auchandirect.fr/static/images/products/line/78261.jpg" alt="" class="produit "/></a><div class="picto"><span class="invisible"></span></div><img alt="nouveauté" src="http://www.auchandirect.fr/static/images/ruban-nouveaute_small.png" class="ruban"/><div class="boutons-produit"><a id="addProductToBasket_75" onclick="javascript:Tapestry.waitForPage(event);" title="Ajouter au panier" class="bt-produit-ajout-panier" href="http://www.auchandirect.fr/rayon.productgridorlist.productlist.thumbnailproduct.addproducttobasket/78261?t:ac=nouveautes"><span>Ajouter au panier</span></a><a id="addProductToShoppingList_86" onclick="javascript:Tapestry.waitForPage(event);" title="Ajouter à ma liste" class="bt-produit-ajout-liste" href="http://www.auchandirect.fr/rayon.productgridorlist.productlist.thumbnailproduct.addproducttoshoppinglist/78261?t:ac=nouveautes">Ajouter à ma liste</a></div><div class="infos-produit-1"><div class="prix-actuel"><span>2.20€</span></div></div><div class="infos-produit-2"><a title="Voir le produit" href="b%25C3%25A9b%25C3%25A9/alimentation-b%25C3%25A9b%25C3%25A9/pots-l%25C3%25A9gumes-verts-riz-et-saumon-(d%25C3%25A8s-6-mois)/id1/488/78261.html"><h3>BLEDINA</h3><h4>Pots légumes verts riz et saumon (dès 6 mois)</h4><h4></h4><p>
2 x 200 g
<br/>
5.50€/kg
</p></a></div><div class="mini_picto_bas"></div></div></div></td><td><div class="bloc-produit nouveaute"><div class="bloc-produit-content   "><a title="Voir le produit" href="b%25C3%25A9b%25C3%25A9/alimentation-b%25C3%25A9b%25C3%25A9/petits-pots-pomme-fraise-(d%25C3%25A8s-6-mois)/id1/488/103953.html"><img src="http://www.auchandirect.fr/static/images/products/line/103953.jpg" alt="" class="produit "/></a><div class="picto"><span class="invisible"></span></div><img alt="nouveauté" src="http://www.auchandirect.fr/static/images/ruban-nouveaute_small.png" class="ruban"/><div class="boutons-produit"><a id="addProductToBasket_76" onclick="javascript:Tapestry.waitForPage(event);" title="Ajouter au panier" class="bt-produit-ajout-panier" href="http://www.auchandirect.fr/rayon.productgridorlist.productlist.thumbnailproduct.addproducttobasket/103953?t:ac=nouveautes"><span>Ajouter au panier</span></a><a id="addProductToShoppingList_87" onclick="javascript:Tapestry.waitForPage(event);" title="Ajouter à ma liste" class="bt-produit-ajout-liste" href="http://www.auchandirect.fr/rayon.productgridorlist.productlist.thumbnailproduct.addproducttoshoppinglist/103953?t:ac=nouveautes">Ajouter à ma liste</a></div><div class="infos-produit-1"><div class="prix-actuel"><span>2.50€</span></div></div><div class="infos-produit-2"><a title="Voir le produit" href="b%25C3%25A9b%25C3%25A9/alimentation-b%25C3%25A9b%25C3%25A9/petits-pots-pomme-fraise-(d%25C3%25A8s-6-mois)/id1/488/103953.html"><h3>BLEDINA</h3><h4>Petits pots pomme fraise (dès 6 mois)</h4><h4></h4><p>
4 x 130 g
<br/>
4.81€/kg
</p></a></div><div class="mini_picto_bas"></div></div></div></td></tr><tr><td><div class="bloc-produit nouveaute"><div class="bloc-produit-content   "><a title="Voir le produit" href="b%25C3%25A9b%25C3%25A9/alimentation-b%25C3%25A9b%25C3%25A9/eau-min%25C3%25A9rale-naturelle/id1/488/109543.html"><img src="http://www.auchandirect.fr/static/images/products/line/109543.jpg" alt="" class="produit "/></a><div class="picto"><span class="invisible"></span></div><img alt="nouveauté" src="http://www.auchandirect.fr/static/images/ruban-nouveaute_small.png" class="ruban"/><div class="boutons-produit"><a id="addProductToBasket_77" onclick="javascript:Tapestry.waitForPage(event);" title="Ajouter au panier" class="bt-produit-ajout-panier" href="http://www.auchandirect.fr/rayon.productgridorlist.productlist.thumbnailproduct.addproducttobasket/109543?t:ac=nouveautes"><span>Ajouter au panier</span></a><a id="addProductToShoppingList_88" onclick="javascript:Tapestry.waitForPage(event);" title="Ajouter à ma liste" class="bt-produit-ajout-liste" href="http://www.auchandirect.fr/rayon.productgridorlist.productlist.thumbnailproduct.addproducttoshoppinglist/109543?t:ac=nouveautes">Ajouter à ma liste</a></div><div class="infos-produit-1"><div class="prix-actuel"><span>5.89€</span></div></div><div class="infos-produit-2"><a title="Voir le produit" href="b%25C3%25A9b%25C3%25A9/alimentation-b%25C3%25A9b%25C3%25A9/eau-min%25C3%25A9rale-naturelle/id1/488/109543.html"><h3>EVIAN</h3><h4>Eau minérale naturelle</h4><h4>avec kit tétine Béaba</h4><p>
12 x 33 cl
<br/>
1.49€/l
</p></a></div><div class="mini_picto_bas"></div></div></div></td><td><div class="bloc-produit nouveaute"><div class="bloc-produit-content   "><a title="Voir le produit" href="b%25C3%25A9b%25C3%25A9/toilette-et-soin/shampooing-b%25C3%25A9b%25C3%25A9-hypoallerg%25C3%25A9nique/id1/489/77751.html"><img src="http://www.auchandirect.fr/static/images/products/line/77751.jpg" alt="" class="produit "/></a><div class="picto"><span class="invisible"></span></div><img alt="nouveauté" src="http://www.auchandirect.fr/static/images/ruban-nouveaute_small.png" class="ruban"/><div class="boutons-produit"><a id="addProductToBasket_78" onclick="javascript:Tapestry.waitForPage(event);" title="Ajouter au panier" class="bt-produit-ajout-panier" href="http://www.auchandirect.fr/rayon.productgridorlist.productlist.thumbnailproduct.addproducttobasket/77751?t:ac=nouveautes"><span>Ajouter au panier</span></a><a id="addProductToShoppingList_89" onclick="javascript:Tapestry.waitForPage(event);" title="Ajouter à ma liste" class="bt-produit-ajout-liste" href="http://www.auchandirect.fr/rayon.productgridorlist.productlist.thumbnailproduct.addproducttoshoppinglist/77751?t:ac=nouveautes">Ajouter à ma liste</a></div><div class="infos-produit-1"><div class="prix-actuel"><span>2.60€</span></div></div><div class="infos-produit-2"><a title="Voir le produit" href="b%25C3%25A9b%25C3%25A9/toilette-et-soin/shampooing-b%25C3%25A9b%25C3%25A9-hypoallerg%25C3%25A9nique/id1/489/77751.html"><h3>MIXA</h3><h4>Shampooing bébé hypoallergénique</h4><h4></h4><p>
250 ml
<br/>
8.67€/l
</p></a></div><div class="mini_picto_bas"></div></div></div></td><td><div class="bloc-produit nouveaute"><div class="bloc-produit-content   "><a title="Voir le produit" href="b%25C3%25A9b%25C3%25A9/alimentation-b%25C3%25A9b%25C3%25A9/petits-pots-pommes---poires-(d%25C3%25A8s-4-6-mois)/id1/488/47997.html"><img src="http://www.auchandirect.fr/static/images/products/line/47997.jpg" alt="" class="produit "/></a><div class="picto"><span class="invisible"></span></div><img alt="nouveauté" src="http://www.auchandirect.fr/static/images/ruban-nouveaute_small.png" class="ruban"/><div class="boutons-produit"><a id="addProductToBasket_79" onclick="javascript:Tapestry.waitForPage(event);" title="Ajouter au panier" class="bt-produit-ajout-panier" href="http://www.auchandirect.fr/rayon.productgridorlist.productlist.thumbnailproduct.addproducttobasket/47997?t:ac=nouveautes"><span>Ajouter au panier</span></a><a id="addProductToShoppingList_90" onclick="javascript:Tapestry.waitForPage(event);" title="Ajouter à ma liste" class="bt-produit-ajout-liste" href="http://www.auchandirect.fr/rayon.productgridorlist.productlist.thumbnailproduct.addproducttoshoppinglist/47997?t:ac=nouveautes">Ajouter à ma liste</a></div><div class="infos-produit-1"><div class="prix-actuel"><span>2.85€</span></div></div><div class="infos-produit-2"><a title="Voir le produit" href="b%25C3%25A9b%25C3%25A9/alimentation-b%25C3%25A9b%25C3%25A9/petits-pots-pommes---poires-(d%25C3%25A8s-4-6-mois)/id1/488/47997.html"><h3>NESTLE</h3><h4>Petits pots pommes - poires (dès 4-6 mois)</h4><h4>Naturnes</h4><p>
4 x 130 g
<br/>
5.48€/kg
</p></a></div><div class="mini_picto_bas"></div></div></div></td></tr><tr><td><div class="bloc-produit nouveaute"><div class="bloc-produit-content   "><a title="Voir le produit" href="b%25C3%25A9b%25C3%25A9/toilette-et-soin/eau-douce-nettoyante/id1/489/103472.html"><img src="http://www.auchandirect.fr/static/images/products/line/103472.jpg" alt="" class="produit "/></a><div class="picto"><span class="invisible"></span></div><img alt="nouveauté" src="http://www.auchandirect.fr/static/images/ruban-nouveaute_small.png" class="ruban"/><div class="boutons-produit"><a id="addProductToBasket_80" onclick="javascript:Tapestry.waitForPage(event);" title="Ajouter au panier" class="bt-produit-ajout-panier" href="http://www.auchandirect.fr/rayon.productgridorlist.productlist.thumbnailproduct.addproducttobasket/103472?t:ac=nouveautes"><span>Ajouter au panier</span></a><a id="addProductToShoppingList_91" onclick="javascript:Tapestry.waitForPage(event);" title="Ajouter à ma liste" class="bt-produit-ajout-liste" href="http://www.auchandirect.fr/rayon.productgridorlist.productlist.thumbnailproduct.addproducttoshoppinglist/103472?t:ac=nouveautes">Ajouter à ma liste</a></div><div class="infos-produit-1"><div class="prix-actuel"><span>8.22€</span></div></div><div class="infos-produit-2"><a title="Voir le produit" href="b%25C3%25A9b%25C3%25A9/toilette-et-soin/eau-douce-nettoyante/id1/489/103472.html"><h3>NIVEA</h3><h4>Eau douce nettoyante</h4><h4>Baby</h4><p>
750 ml
<br/>
10.96€/kg
</p></a></div><div class="mini_picto_bas"></div></div></div></td><td><div class="bloc-produit nouveaute"><div class="bloc-produit-content   "><a title="Voir le produit" href="b%25C3%25A9b%25C3%25A9/couches,-culottes/couches-taille-3/id1/490/110648.html"><img src="http://www.auchandirect.fr/static/images/products/line/110648.jpg" alt="" class="produit "/></a><div class="picto"><span class="invisible"></span></div><img alt="nouveauté" src="http://www.auchandirect.fr/static/images/ruban-nouveaute_small.png" class="ruban"/><div class="boutons-produit"><a id="addProductToBasket_81" onclick="javascript:Tapestry.waitForPage(event);" title="Ajouter au panier" class="bt-produit-ajout-panier" href="http://www.auchandirect.fr/rayon.productgridorlist.productlist.thumbnailproduct.addproducttobasket/110648?t:ac=nouveautes"><span>Ajouter au panier</span></a><a id="addProductToShoppingList_92" onclick="javascript:Tapestry.waitForPage(event);" title="Ajouter à ma liste" class="bt-produit-ajout-liste" href="http://www.auchandirect.fr/rayon.productgridorlist.productlist.thumbnailproduct.addproducttoshoppinglist/110648?t:ac=nouveautes">Ajouter à ma liste</a></div><div class="infos-produit-1"><div class="prix-actuel"><span>19.10€</span></div></div><div class="infos-produit-2"><a title="Voir le produit" href="b%25C3%25A9b%25C3%25A9/couches,-culottes/couches-taille-3/id1/490/110648.html"><h3>PAMPERS</h3><h4>Couches taille 3</h4><h4>Active fit</h4><p>
x 44
<br/>
0.43€/pièce
</p></a></div><div class="mini_picto_bas"></div></div></div></td><td><div class="bloc-produit nouveaute"><div class="bloc-produit-content   "><a title="Voir le produit" href="b%25C3%25A9b%25C3%25A9/couches,-culottes/couches-taille-2/id1/490/110639.html"><img src="http://www.auchandirect.fr/static/images/products/line/110639.jpg" alt="" class="produit "/></a><div class="picto"><span class="invisible"></span></div><img alt="nouveauté" src="http://www.auchandirect.fr/static/images/ruban-nouveaute_small.png" class="ruban"/><div class="boutons-produit"><a id="addProductToBasket_82" onclick="javascript:Tapestry.waitForPage(event);" title="Ajouter au panier" class="bt-produit-ajout-panier" href="http://www.auchandirect.fr/rayon.productgridorlist.productlist.thumbnailproduct.addproducttobasket/110639?t:ac=nouveautes"><span>Ajouter au panier</span></a><a id="addProductToShoppingList_93" onclick="javascript:Tapestry.waitForPage(event);" title="Ajouter à ma liste" class="bt-produit-ajout-liste" href="http://www.auchandirect.fr/rayon.productgridorlist.productlist.thumbnailproduct.addproducttoshoppinglist/110639?t:ac=nouveautes">Ajouter à ma liste</a></div><div class="infos-produit-1"><div class="prix-actuel"><span>26.40€</span></div></div><div class="infos-produit-2"><a title="Voir le produit" href="b%25C3%25A9b%25C3%25A9/couches,-culottes/couches-taille-2/id1/490/110639.html"><h3>PAMPERS</h3><h4>Couches taille 2</h4><h4>New baby</h4><p>
x 80
<br/>
0.33€/pièce
</p></a></div><div class="mini_picto_bas"></div></div></div></td></tr><tr><td><div class="bloc-produit nouveaute"><div class="bloc-produit-content   "><a title="Voir le produit" href="b%25C3%25A9b%25C3%25A9/couches,-culottes/couches-taille-5/id1/490/110651.html"><img src="http://www.auchandirect.fr/static/images/products/line/110651.jpg" alt="" class="produit "/></a><div class="picto"><span class="invisible"></span></div><img alt="nouveauté" src="http://www.auchandirect.fr/static/images/ruban-nouveaute_small.png" class="ruban"/><div class="boutons-produit"><a id="addProductToBasket_83" onclick="javascript:Tapestry.waitForPage(event);" title="Ajouter au panier" class="bt-produit-ajout-panier" href="http://www.auchandirect.fr/rayon.productgridorlist.productlist.thumbnailproduct.addproducttobasket/110651?t:ac=nouveautes"><span>Ajouter au panier</span></a><a id="addProductToShoppingList_94" onclick="javascript:Tapestry.waitForPage(event);" title="Ajouter à ma liste" class="bt-produit-ajout-liste" href="http://www.auchandirect.fr/rayon.productgridorlist.productlist.thumbnailproduct.addproducttoshoppinglist/110651?t:ac=nouveautes">Ajouter à ma liste</a></div><div class="infos-produit-1"><div class="prix-actuel"><span>17.68€</span></div></div><div class="infos-produit-2"><a title="Voir le produit" href="b%25C3%25A9b%25C3%25A9/couches,-culottes/couches-taille-5/id1/490/110651.html"><h3>PAMPERS</h3><h4>Couches taille 5</h4><h4>Active fit</h4><p>
x 39
<br/>
0.45€/pièce
</p></a></div><div class="mini_picto_bas"></div></div></div></td><td></td><td></td></tr></table><div class="pro-ecolo"><h1>Bio Ecolo</h1></div><table><tr><td><div class="bloc-produit nouveaute"><div class="bloc-produit-content   "><a title="Voir le produit" href="bio-ecolo/epicerie-bio/chocolat-lait-noisette-bio/id1/458/107461.html"><img src="http://www.auchandirect.fr/static/images/products/line/107461.jpg" alt="" class="produit "/></a><div class="picto"><span class="invisible"></span></div><img alt="nouveauté" src="http://www.auchandirect.fr/static/images/ruban-nouveaute_small.png" class="ruban"/><div class="boutons-produit"><a id="addProductToBasket_84" onclick="javascript:Tapestry.waitForPage(event);" title="Ajouter au panier" class="bt-produit-ajout-panier" href="http://www.auchandirect.fr/rayon.productgridorlist.productlist.thumbnailproduct.addproducttobasket/107461?t:ac=nouveautes"><span>Ajouter au panier</span></a><a id="addProductToShoppingList_95" onclick="javascript:Tapestry.waitForPage(event);" title="Ajouter à ma liste" class="bt-produit-ajout-liste" href="http://www.auchandirect.fr/rayon.productgridorlist.productlist.thumbnailproduct.addproducttoshoppinglist/107461?t:ac=nouveautes">Ajouter à ma liste</a></div><div class="infos-produit-1"><div class="prix-actuel"><span>2.69€</span></div></div><div class="infos-produit-2"><a title="Voir le produit" href="bio-ecolo/epicerie-bio/chocolat-lait-noisette-bio/id1/458/107461.html"><h3>ALTER ECO</h3><h4>Chocolat Lait Noisette bio</h4><h4></h4><p>
100 G
<br/>
26.90€/kg
</p></a></div><div class="mini_picto_bas"><!-- FIXME IDEM --><span class="com.atosworldline.ri.auchan.direct.front.tapestry.data.multimedia.Picture@22936b26 pictoListing txtImg">XXXXX</span></div></div></div></td><td><div class="bloc-produit nouveaute"><div class="bloc-produit-content   "><a title="Voir le produit" href="bio-ecolo/epicerie-bio/chocolat-noir-orange-bio/id1/458/107534.html"><img src="http://www.auchandirect.fr/static/images/products/line/107534.jpg" alt="" class="produit "/></a><div class="picto"><span class="invisible"></span></div><img alt="nouveauté" src="http://www.auchandirect.fr/static/images/ruban-nouveaute_small.png" class="ruban"/><div class="boutons-produit"><a id="addProductToBasket_85" onclick="javascript:Tapestry.waitForPage(event);" title="Ajouter au panier" class="bt-produit-ajout-panier" href="http://www.auchandirect.fr/rayon.productgridorlist.productlist.thumbnailproduct.addproducttobasket/107534?t:ac=nouveautes"><span>Ajouter au panier</span></a><a id="addProductToShoppingList_96" onclick="javascript:Tapestry.waitForPage(event);" title="Ajouter à ma liste" class="bt-produit-ajout-liste" href="http://www.auchandirect.fr/rayon.productgridorlist.productlist.thumbnailproduct.addproducttoshoppinglist/107534?t:ac=nouveautes">Ajouter à ma liste</a></div><div class="infos-produit-1"><div class="prix-actuel"><span>2.25€</span></div></div><div class="infos-produit-2"><a title="Voir le produit" href="bio-ecolo/epicerie-bio/chocolat-noir-orange-bio/id1/458/107534.html"><h3>ALTER ECO</h3><h4>Chocolat Noir Orange bio</h4><h4></h4><p>
100 g
<br/>
22.50€/kg
</p></a></div><div class="mini_picto_bas"><!-- FIXME IDEM --><span class="com.atosworldline.ri.auchan.direct.front.tapestry.data.multimedia.Picture@3ee02b22 pictoListing txtImg">XXXXX</span></div></div></div></td><td><div class="bloc-produit produit-auchan bientot-dispo"><div class="bloc-produit-content   "><a title="Voir le produit" href="bio-ecolo/produits-frais-et-surgel%25C3%25A9s-bio/raviolis-3-fromages/id1/456/83504.html"><img src="http://www.auchandirect.fr/static/images/products/line/83504.jpg" alt="" class="produit "/></a><div class="picto"><span class="invisible"></span></div><div class="boutons-produit"><a class="bt-produit-ajout-panier disable" title="Bientôt disponible" href="javascript:void(0)"><span>Bientôt disponible</span></a><a id="addProductToShoppingList_97" onclick="javascript:Tapestry.waitForPage(event);" title="Ajouter à ma liste" class="bt-produit-ajout-liste" href="http://www.auchandirect.fr/rayon.productgridorlist.productlist.thumbnailproduct.addproducttoshoppinglist/83504?t:ac=nouveautes">Ajouter à ma liste</a></div><div class="infos-produit-1"><div class="prix-actuel"><span>2.49€</span></div></div><div class="infos-produit-2"><a title="Voir le produit" href="bio-ecolo/produits-frais-et-surgel%25C3%25A9s-bio/raviolis-3-fromages/id1/456/83504.html"><h3>AUCHAN BIO</h3><h4>Raviolis 3 fromages</h4><h4></h4><p>
250 g
</p></a></div><div class="mini_picto_bas"><!-- FIXME IDEM --><span class="com.atosworldline.ri.auchan.direct.front.tapestry.data.multimedia.Picture@22ad2e16 pictoListing txtImg">XXXXX</span><!-- FIXME IDEM --><span class="com.atosworldline.ri.auchan.direct.front.tapestry.data.multimedia.Picture@17acb823 pictoListing txtImg">XXXXX</span><!-- FIXME IDEM --><span class="com.atosworldline.ri.auchan.direct.front.tapestry.data.multimedia.Picture@4c6d0df9 pictoListing txtImg">XXXXX</span></div></div></div></td></tr><tr><td><div class="bloc-produit nouveaute"><div class="bloc-produit-content   "><a title="Voir le produit" href="bio-ecolo/epicerie-bio/biscuits-secs/id1/458/79103.html"><img src="http://www.auchandirect.fr/static/images/products/line/79103.jpg" alt="" class="produit "/></a><div class="picto"><span class="invisible"></span></div><img alt="nouveauté" src="http://www.auchandirect.fr/static/images/ruban-nouveaute_small.png" class="ruban"/><div class="boutons-produit"><a id="addProductToBasket_86" onclick="javascript:Tapestry.waitForPage(event);" title="Ajouter au panier" class="bt-produit-ajout-panier" href="http://www.auchandirect.fr/rayon.productgridorlist.productlist.thumbnailproduct.addproducttobasket/79103?t:ac=nouveautes"><span>Ajouter au panier</span></a><a id="addProductToShoppingList_98" onclick="javascript:Tapestry.waitForPage(event);" title="Ajouter à ma liste" class="bt-produit-ajout-liste" href="http://www.auchandirect.fr/rayon.productgridorlist.productlist.thumbnailproduct.addproducttoshoppinglist/79103?t:ac=nouveautes">Ajouter à ma liste</a></div><div class="infos-produit-1"><div class="prix-actuel"><span>3.45€</span></div></div><div class="infos-produit-2"><a title="Voir le produit" href="bio-ecolo/epicerie-bio/biscuits-secs/id1/458/79103.html"><h3>BJORG</h3><h4>Biscuits secs</h4><h4>Créales et raisin</h4><p>
218 g
<br/>
15.83€/kg
</p></a></div><div class="mini_picto_bas"></div></div></div></td><td><div class="bloc-produit nouveaute"><div class="bloc-produit-content   "><a title="Voir le produit" href="bio-ecolo/epicerie-bio/huile-d'olive-bio/id1/458/77912.html"><img src="http://www.auchandirect.fr/static/images/products/line/77912.jpg" alt="" class="produit "/></a><div class="picto"><span class="invisible"></span></div><img alt="nouveauté" src="http://www.auchandirect.fr/static/images/ruban-nouveaute_small.png" class="ruban"/><div class="boutons-produit"><a id="addProductToBasket_87" onclick="javascript:Tapestry.waitForPage(event);" title="Ajouter au panier" class="bt-produit-ajout-panier" href="http://www.auchandirect.fr/rayon.productgridorlist.productlist.thumbnailproduct.addproducttobasket/77912?t:ac=nouveautes"><span>Ajouter au panier</span></a><a id="addProductToShoppingList_99" onclick="javascript:Tapestry.waitForPage(event);" title="Ajouter à ma liste" class="bt-produit-ajout-liste" href="http://www.auchandirect.fr/rayon.productgridorlist.productlist.thumbnailproduct.addproducttoshoppinglist/77912?t:ac=nouveautes">Ajouter à ma liste</a></div><div class="infos-produit-1"><div class="prix-actuel"><span>6.99€</span></div></div><div class="infos-produit-2"><a title="Voir le produit" href="bio-ecolo/epicerie-bio/huile-d'olive-bio/id1/458/77912.html"><h3>CARAPELLI</h3><h4>Huile d'olive bio</h4><h4></h4><p>
75 cl
<br/>
9.32€/l
</p></a></div><div class="mini_picto_bas"><!-- FIXME IDEM --><span class="com.atosworldline.ri.auchan.direct.front.tapestry.data.multimedia.Picture@2360d7cf pictoListing txtImg">XXXXX</span></div></div></div></td><td><div class="bloc-produit nouveaute"><div class="bloc-produit-content   "><a title="Voir le produit" href="bio-ecolo/produits-frais-et-surgel%25C3%25A9s-bio/fenouil-bio/id1/456/82018.html"><img src="http://www.auchandirect.fr/static/images/products/line/82018.jpg" alt="" class="produit "/></a><div class="picto"><span class="invisible"></span></div><img alt="nouveauté" src="http://www.auchandirect.fr/static/images/ruban-nouveaute_small.png" class="ruban"/><div class="boutons-produit"><a id="addProductToBasket_88" onclick="javascript:Tapestry.waitForPage(event);" title="Ajouter au panier" class="bt-produit-ajout-panier" href="http://www.auchandirect.fr/rayon.productgridorlist.productlist.thumbnailproduct.addproducttobasket/82018?t:ac=nouveautes"><span>Ajouter au panier</span></a><a id="addProductToShoppingList_100" onclick="javascript:Tapestry.waitForPage(event);" title="Ajouter à ma liste" class="bt-produit-ajout-liste" href="http://www.auchandirect.fr/rayon.productgridorlist.productlist.thumbnailproduct.addproducttoshoppinglist/82018?t:ac=nouveautes">Ajouter à ma liste</a></div><div class="infos-produit-1"><div class="prix-actuel"><span>2.10€</span></div></div><div class="infos-produit-2"><a title="Voir le produit" href="bio-ecolo/produits-frais-et-surgel%25C3%25A9s-bio/fenouil-bio/id1/456/82018.html"><h3>FENOUIL</h3><h4>Fenouil Bio</h4><h4></h4><p>
x 1
<br/>
2.10€/kg
</p></a></div><div class="mini_picto_bas"><!-- FIXME IDEM --><span class="com.atosworldline.ri.auchan.direct.front.tapestry.data.multimedia.Picture@eeac08f pictoListing txtImg">XXXXX</span><!-- FIXME IDEM --><span class="com.atosworldline.ri.auchan.direct.front.tapestry.data.multimedia.Picture@5607f3ef pictoListing txtImg">XXXXX</span></div></div></div></td></tr><tr><td><div class="bloc-produit nouveaute"><div class="bloc-produit-content   "><a title="Voir le produit" href="bio-ecolo/produits-frais-et-surgel%25C3%25A9s-bio/fraise-bio/id1/456/82208.html"><img src="http://www.auchandirect.fr/static/images/products/line/82208.jpg" alt="" class="produit "/></a><div class="picto"><span class="invisible"></span></div><img alt="nouveauté" src="http://www.auchandirect.fr/static/images/ruban-nouveaute_small.png" class="ruban"/><div class="boutons-produit"><a id="addProductToBasket_89" onclick="javascript:Tapestry.waitForPage(event);" title="Ajouter au panier" class="bt-produit-ajout-panier" href="http://www.auchandirect.fr/rayon.productgridorlist.productlist.thumbnailproduct.addproducttobasket/82208?t:ac=nouveautes"><span>Ajouter au panier</span></a><a id="addProductToShoppingList_101" onclick="javascript:Tapestry.waitForPage(event);" title="Ajouter à ma liste" class="bt-produit-ajout-liste" href="http://www.auchandirect.fr/rayon.productgridorlist.productlist.thumbnailproduct.addproducttoshoppinglist/82208?t:ac=nouveautes">Ajouter à ma liste</a></div><div class="infos-produit-1"><div class="prix-actuel"><span>2.32€</span></div></div><div class="infos-produit-2"><a title="Voir le produit" href="bio-ecolo/produits-frais-et-surgel%25C3%25A9s-bio/fraise-bio/id1/456/82208.html"><h3>FRAISE</h3><h4>Fraise Bio</h4><h4>Origine Espagne</h4><p>
250 g
<br/>
9.28€/kg
</p></a></div><div class="mini_picto_bas"><!-- FIXME IDEM --><span class="com.atosworldline.ri.auchan.direct.front.tapestry.data.multimedia.Picture@39fe5c57 pictoListing txtImg">XXXXX</span><!-- FIXME IDEM --><span class="com.atosworldline.ri.auchan.direct.front.tapestry.data.multimedia.Picture@6a60717f pictoListing txtImg">XXXXX</span></div></div></div></td><td><div class="bloc-produit nouveaute"><div class="bloc-produit-content   "><a title="Voir le produit" href="bio-ecolo/produits-frais-et-surgel%25C3%25A9s-bio/framboises-bio/id1/456/81583.html"><img src="http://www.auchandirect.fr/static/images/products/line/81583.jpg" alt="" class="produit "/></a><div class="picto"><span class="invisible"></span></div><img alt="nouveauté" src="http://www.auchandirect.fr/static/images/ruban-nouveaute_small.png" class="ruban"/><div class="boutons-produit"><a id="addProductToBasket_90" onclick="javascript:Tapestry.waitForPage(event);" title="Ajouter au panier" class="bt-produit-ajout-panier" href="http://www.auchandirect.fr/rayon.productgridorlist.productlist.thumbnailproduct.addproducttobasket/81583?t:ac=nouveautes"><span>Ajouter au panier</span></a><a id="addProductToShoppingList_102" onclick="javascript:Tapestry.waitForPage(event);" title="Ajouter à ma liste" class="bt-produit-ajout-liste" href="http://www.auchandirect.fr/rayon.productgridorlist.productlist.thumbnailproduct.addproducttoshoppinglist/81583?t:ac=nouveautes">Ajouter à ma liste</a></div><div class="infos-produit-1"><div class="prix-actuel"><span>3.25€</span></div></div><div class="infos-produit-2"><a title="Voir le produit" href="bio-ecolo/produits-frais-et-surgel%25C3%25A9s-bio/framboises-bio/id1/456/81583.html"><h3>FRAMBOISE</h3><h4>Framboises Bio</h4><h4>Origine Espagne</h4><p>
125 g
<br/>
26.00€/kg
</p></a></div><div class="mini_picto_bas"><!-- FIXME IDEM --><span class="com.atosworldline.ri.auchan.direct.front.tapestry.data.multimedia.Picture@a2b834f pictoListing txtImg">XXXXX</span><!-- FIXME IDEM --><span class="com.atosworldline.ri.auchan.direct.front.tapestry.data.multimedia.Picture@2eb9bcc0 pictoListing txtImg">XXXXX</span></div></div></div></td><td><div class="bloc-produit nouveaute"><div class="bloc-produit-content   "><a title="Voir le produit" href="bio-ecolo/produits-frais-et-surgel%25C3%25A9s-bio/orange-bio/id1/456/57394.html"><img src="http://www.auchandirect.fr/static/images/products/line/57394.jpg" alt="" class="produit "/></a><div class="picto"><span class="invisible"></span></div><img alt="nouveauté" src="http://www.auchandirect.fr/static/images/ruban-nouveaute_small.png" class="ruban"/><div class="boutons-produit"><a id="addProductToBasket_91" onclick="javascript:Tapestry.waitForPage(event);" title="Ajouter au panier" class="bt-produit-ajout-panier" href="http://www.auchandirect.fr/rayon.productgridorlist.productlist.thumbnailproduct.addproducttobasket/57394?t:ac=nouveautes"><span>Ajouter au panier</span></a><a id="addProductToShoppingList_103" onclick="javascript:Tapestry.waitForPage(event);" title="Ajouter à ma liste" class="bt-produit-ajout-liste" href="http://www.auchandirect.fr/rayon.productgridorlist.productlist.thumbnailproduct.addproducttoshoppinglist/57394?t:ac=nouveautes">Ajouter à ma liste</a></div><div class="infos-produit-1"><div class="prix-actuel"><span>1.99€</span></div></div><div class="infos-produit-2"><a title="Voir le produit" href="bio-ecolo/produits-frais-et-surgel%25C3%25A9s-bio/orange-bio/id1/456/57394.html"><h3>ORANGE</h3><h4>Orange bio</h4><h4>Origine Espagne</h4><p>
1 kg
<br/>
1.99€/kg
</p></a></div><div class="mini_picto_bas"><!-- FIXME IDEM --><span class="com.atosworldline.ri.auchan.direct.front.tapestry.data.multimedia.Picture@39e3ebdd pictoListing txtImg">XXXXX</span><!-- FIXME IDEM --><span class="com.atosworldline.ri.auchan.direct.front.tapestry.data.multimedia.Picture@229217dc pictoListing txtImg">XXXXX</span></div></div></div></td></tr><tr><td><div class="bloc-produit nouveaute"><div class="bloc-produit-content   "><a title="Voir le produit" href="bio-ecolo/produits-frais-et-surgel%25C3%25A9s-bio/poire-bio/id1/456/81221.html"><img src="http://www.auchandirect.fr/static/images/products/line/81221.jpg" alt="" class="produit "/></a><div class="picto"><span class="invisible"></span></div><img alt="nouveauté" src="http://www.auchandirect.fr/static/images/ruban-nouveaute_small.png" class="ruban"/><div class="boutons-produit"><a id="addProductToBasket_92" onclick="javascript:Tapestry.waitForPage(event);" title="Ajouter au panier" class="bt-produit-ajout-panier" href="http://www.auchandirect.fr/rayon.productgridorlist.productlist.thumbnailproduct.addproducttobasket/81221?t:ac=nouveautes"><span>Ajouter au panier</span></a><a id="addProductToShoppingList_104" onclick="javascript:Tapestry.waitForPage(event);" title="Ajouter à ma liste" class="bt-produit-ajout-liste" href="http://www.auchandirect.fr/rayon.productgridorlist.productlist.thumbnailproduct.addproducttoshoppinglist/81221?t:ac=nouveautes">Ajouter à ma liste</a></div><div class="infos-produit-1"><div class="prix-actuel"><span>3.45€</span></div></div><div class="infos-produit-2"><a title="Voir le produit" href="bio-ecolo/produits-frais-et-surgel%25C3%25A9s-bio/poire-bio/id1/456/81221.html"><h3>POIRE</h3><h4>Poire Bio</h4><h4>Variété Selena</h4><p>
x 4
<br/>
0.86€/kg
</p></a></div><div class="mini_picto_bas"><!-- FIXME IDEM --><span class="com.atosworldline.ri.auchan.direct.front.tapestry.data.multimedia.Picture@1e4136ee pictoListing txtImg">XXXXX</span><!-- FIXME IDEM --><span class="com.atosworldline.ri.auchan.direct.front.tapestry.data.multimedia.Picture@4b7d52c6 pictoListing txtImg">XXXXX</span></div></div></div></td><td><div class="bloc-produit nouveaute bientot-dispo"><div class="bloc-produit-content   "><a title="Voir le produit" href="bio-ecolo/produits-frais-et-surgel%25C3%25A9s-bio/beurre-demi-sel/id1/456/87526.html"><img src="http://www.auchandirect.fr/static/images/products/line/87526.jpg" alt="" class="produit "/></a><div class="picto"><span class="invisible"></span></div><img alt="nouveauté" src="http://www.auchandirect.fr/static/images/ruban-nouveaute_small.png" class="ruban"/><div class="boutons-produit"><a class="bt-produit-ajout-panier disable" title="Bientôt disponible" href="javascript:void(0)"><span>Bientôt disponible</span></a><a id="addProductToShoppingList_105" onclick="javascript:Tapestry.waitForPage(event);" title="Ajouter à ma liste" class="bt-produit-ajout-liste" href="http://www.auchandirect.fr/rayon.productgridorlist.productlist.thumbnailproduct.addproducttoshoppinglist/87526?t:ac=nouveautes">Ajouter à ma liste</a></div><div class="infos-produit-1"><div class="prix-actuel"><span>2.22€</span></div></div><div class="infos-produit-2"><a title="Voir le produit" href="bio-ecolo/produits-frais-et-surgel%25C3%25A9s-bio/beurre-demi-sel/id1/456/87526.html"><h3>PRESIDENT</h3><h4>Beurre demi-sel</h4><h4></h4><p>
250 g
</p></a></div><div class="mini_picto_bas"><!-- FIXME IDEM --><span class="com.atosworldline.ri.auchan.direct.front.tapestry.data.multimedia.Picture@556c8307 pictoListing txtImg">XXXXX</span><!-- FIXME IDEM --><span class="com.atosworldline.ri.auchan.direct.front.tapestry.data.multimedia.Picture@470e6c61 pictoListing txtImg">XXXXX</span><!-- FIXME IDEM --><span class="com.atosworldline.ri.auchan.direct.front.tapestry.data.multimedia.Picture@3ed78b9 pictoListing txtImg">XXXXX</span></div></div></div></td><td><div class="bloc-produit nouveaute"><div class="bloc-produit-content   "><a title="Voir le produit" href="bio-ecolo/produits-frais-et-surgel%25C3%25A9s-bio/radis-noir-bio/id1/456/89307.html"><img src="http://www.auchandirect.fr/static/images/products/line/89307.jpg" alt="" class="produit "/></a><div class="picto"><span class="invisible"></span></div><img alt="nouveauté" src="http://www.auchandirect.fr/static/images/ruban-nouveaute_small.png" class="ruban"/><div class="boutons-produit"><a id="addProductToBasket_93" onclick="javascript:Tapestry.waitForPage(event);" title="Ajouter au panier" class="bt-produit-ajout-panier" href="http://www.auchandirect.fr/rayon.productgridorlist.productlist.thumbnailproduct.addproducttobasket/89307?t:ac=nouveautes"><span>Ajouter au panier</span></a><a id="addProductToShoppingList_106" onclick="javascript:Tapestry.waitForPage(event);" title="Ajouter à ma liste" class="bt-produit-ajout-liste" href="http://www.auchandirect.fr/rayon.productgridorlist.productlist.thumbnailproduct.addproducttoshoppinglist/89307?t:ac=nouveautes">Ajouter à ma liste</a></div><div class="infos-produit-1"><div class="prix-actuel"><span>1.15€</span></div></div><div class="infos-produit-2"><a title="Voir le produit" href="bio-ecolo/produits-frais-et-surgel%25C3%25A9s-bio/radis-noir-bio/id1/456/89307.html"><h3>RADIS</h3><h4>Radis noir Bio</h4><h4>Origine France</h4><p>
x 1
</p></a></div><div class="mini_picto_bas"><!-- FIXME IDEM --><span class="com.atosworldline.ri.auchan.direct.front.tapestry.data.multimedia.Picture@d38a33a pictoListing txtImg">XXXXX</span><!-- FIXME IDEM --><span class="com.atosworldline.ri.auchan.direct.front.tapestry.data.multimedia.Picture@1643b9e pictoListing txtImg">XXXXX</span></div></div></div></td></tr><tr><td><div class="bloc-produit nouveaute"><div class="bloc-produit-content   "><a title="Voir le produit" href="bio-ecolo/produits-frais-et-surgel%25C3%25A9s-bio/tomate-bio-vari%25C3%25A9t%25C3%25A9-rebellion/id1/456/81955.html"><img src="http://www.auchandirect.fr/static/images/products/line/81955.jpg" alt="" class="produit "/></a><div class="picto"><span class="invisible"></span></div><img alt="nouveauté" src="http://www.auchandirect.fr/static/images/ruban-nouveaute_small.png" class="ruban"/><div class="boutons-produit"><a id="addProductToBasket_94" onclick="javascript:Tapestry.waitForPage(event);" title="Ajouter au panier" class="bt-produit-ajout-panier" href="http://www.auchandirect.fr/rayon.productgridorlist.productlist.thumbnailproduct.addproducttobasket/81955?t:ac=nouveautes"><span>Ajouter au panier</span></a><a id="addProductToShoppingList_107" onclick="javascript:Tapestry.waitForPage(event);" title="Ajouter à ma liste" class="bt-produit-ajout-liste" href="http://www.auchandirect.fr/rayon.productgridorlist.productlist.thumbnailproduct.addproducttoshoppinglist/81955?t:ac=nouveautes">Ajouter à ma liste</a></div><div class="infos-produit-1"><div class="prix-actuel"><span>1.45€</span></div></div><div class="infos-produit-2"><a title="Voir le produit" href="bio-ecolo/produits-frais-et-surgel%25C3%25A9s-bio/tomate-bio-vari%25C3%25A9t%25C3%25A9-rebellion/id1/456/81955.html"><h3>TOMATE</h3><h4>Tomate Bio variété Rebellion</h4><h4>Origine Espagne</h4><p>
300 g
<br/>
4.83€/kg
</p></a></div><div class="mini_picto_bas"><!-- FIXME IDEM --><span class="com.atosworldline.ri.auchan.direct.front.tapestry.data.multimedia.Picture@6503dcd2 pictoListing txtImg">XXXXX</span><!-- FIXME IDEM --><span class="com.atosworldline.ri.auchan.direct.front.tapestry.data.multimedia.Picture@609692cd pictoListing txtImg">XXXXX</span></div></div></div></td><td></td><td></td></tr></table><div class="pro-ecolo"><h1>Hygiène Beauté</h1></div><table><tr><td><div class="bloc-produit nouveaute"><div class="bloc-produit-content   "><a title="Voir le produit" href="hygi%25C3%25A8ne-beaut%25C3%25A9/corps/savon-marseille-karit%25C3%25A9/id1/492/22855.html"><img src="http://www.auchandirect.fr/static/images/products/line/22855.jpg" alt="" class="produit "/></a><div class="picto"><span class="invisible"></span></div><img alt="nouveauté" src="http://www.auchandirect.fr/static/images/ruban-nouveaute_small.png" class="ruban"/><div class="boutons-produit"><a id="addProductToBasket_95" onclick="javascript:Tapestry.waitForPage(event);" title="Ajouter au panier" class="bt-produit-ajout-panier" href="http://www.auchandirect.fr/rayon.productgridorlist.productlist.thumbnailproduct.addproducttobasket/22855?t:ac=nouveautes"><span>Ajouter au panier</span></a><a id="addProductToShoppingList_108" onclick="javascript:Tapestry.waitForPage(event);" title="Ajouter à ma liste" class="bt-produit-ajout-liste" href="http://www.auchandirect.fr/rayon.productgridorlist.productlist.thumbnailproduct.addproducttoshoppinglist/22855?t:ac=nouveautes">Ajouter à ma liste</a></div><div class="infos-produit-1"><div class="prix-actuel"><span>1.55€</span></div></div><div class="infos-produit-2"><a title="Voir le produit" href="hygi%25C3%25A8ne-beaut%25C3%25A9/corps/savon-marseille-karit%25C3%25A9/id1/492/22855.html"><h3>AUCHAN</h3><h4>Savon marseille karité</h4><h4></h4><p>
400 g
<br/>
3.88€/kg
</p></a></div><div class="mini_picto_bas"></div></div></div></td><td><div class="bloc-produit nouveaute"><div class="bloc-produit-content   "><a title="Voir le produit" href="hygi%25C3%25A8ne-beaut%25C3%25A9/corps/d%25C3%25A9odorant-spray/id1/492/75765.html"><img src="http://www.auchandirect.fr/static/images/products/line/75765.jpg" alt="" class="produit "/></a><div class="picto"><span class="invisible"></span></div><img alt="nouveauté" src="http://www.auchandirect.fr/static/images/ruban-nouveaute_small.png" class="ruban"/><div class="boutons-produit"><a id="addProductToBasket_96" onclick="javascript:Tapestry.waitForPage(event);" title="Ajouter au panier" class="bt-produit-ajout-panier" href="http://www.auchandirect.fr/rayon.productgridorlist.productlist.thumbnailproduct.addproducttobasket/75765?t:ac=nouveautes"><span>Ajouter au panier</span></a><a id="addProductToShoppingList_109" onclick="javascript:Tapestry.waitForPage(event);" title="Ajouter à ma liste" class="bt-produit-ajout-liste" href="http://www.auchandirect.fr/rayon.productgridorlist.productlist.thumbnailproduct.addproducttoshoppinglist/75765?t:ac=nouveautes">Ajouter à ma liste</a></div><div class="infos-produit-1"><div class="prix-actuel"><span>1.59€</span></div></div><div class="infos-produit-2"><a title="Voir le produit" href="hygi%25C3%25A8ne-beaut%25C3%25A9/corps/d%25C3%25A9odorant-spray/id1/492/75765.html"><h3>AUCHAN</h3><h4>Déodorant spray</h4><h4>Vanille</h4><p>
200 ml
<br/>
7.95€/l
</p></a></div><div class="mini_picto_bas"></div></div></div></td><td><div class="bloc-produit nouveaute"><div class="bloc-produit-content   "><a title="Voir le produit" href="hygi%25C3%25A8ne-beaut%25C3%25A9/visage/bain-de-bouche-fra%25C3%25AEcheur-extreme/id1/493/103352.html"><img src="http://www.auchandirect.fr/static/images/products/line/103352.jpg" alt="" class="produit "/></a><div class="picto"><span class="invisible"></span></div><img alt="nouveauté" src="http://www.auchandirect.fr/static/images/ruban-nouveaute_small.png" class="ruban"/><div class="boutons-produit"><a id="addProductToBasket_97" onclick="javascript:Tapestry.waitForPage(event);" title="Ajouter au panier" class="bt-produit-ajout-panier" href="http://www.auchandirect.fr/rayon.productgridorlist.productlist.thumbnailproduct.addproducttobasket/103352?t:ac=nouveautes"><span>Ajouter au panier</span></a><a id="addProductToShoppingList_110" onclick="javascript:Tapestry.waitForPage(event);" title="Ajouter à ma liste" class="bt-produit-ajout-liste" href="http://www.auchandirect.fr/rayon.productgridorlist.productlist.thumbnailproduct.addproducttoshoppinglist/103352?t:ac=nouveautes">Ajouter à ma liste</a></div><div class="infos-produit-1"><div class="prix-actuel"><span>2.55€</span></div></div><div class="infos-produit-2"><a title="Voir le produit" href="hygi%25C3%25A8ne-beaut%25C3%25A9/visage/bain-de-bouche-fra%25C3%25AEcheur-extreme/id1/493/103352.html"><h3>AUCHAN</h3><h4>Bain de bouche fraîcheur extreme</h4><h4></h4><p>
500 ml
<br/>
5.10€/l
</p></a></div><div class="mini_picto_bas"></div></div></div></td></tr><tr><td><div class="bloc-produit nouveaute"><div class="bloc-produit-content   "><a title="Voir le produit" href="hygi%25C3%25A8ne-beaut%25C3%25A9/visage/coton-carr%25C3%25A9-douceur-100-coton-x-40/id1/493/73440.html"><img src="http://www.auchandirect.fr/static/images/products/line/73440.jpg" alt="" class="produit "/></a><div class="picto"><span class="invisible"></span></div><img alt="nouveauté" src="http://www.auchandirect.fr/static/images/ruban-nouveaute_small.png" class="ruban"/><div class="boutons-produit"><a id="addProductToBasket_98" onclick="javascript:Tapestry.waitForPage(event);" title="Ajouter au panier" class="bt-produit-ajout-panier" href="http://www.auchandirect.fr/rayon.productgridorlist.productlist.thumbnailproduct.addproducttobasket/73440?t:ac=nouveautes"><span>Ajouter au panier</span></a><a id="addProductToShoppingList_111" onclick="javascript:Tapestry.waitForPage(event);" title="Ajouter à ma liste" class="bt-produit-ajout-liste" href="http://www.auchandirect.fr/rayon.productgridorlist.productlist.thumbnailproduct.addproducttoshoppinglist/73440?t:ac=nouveautes">Ajouter à ma liste</a></div><div class="infos-produit-1"><div class="prix-actuel"><span>1.27€</span></div></div><div class="infos-produit-2"><a title="Voir le produit" href="hygi%25C3%25A8ne-beaut%25C3%25A9/visage/coton-carr%25C3%25A9-douceur-100-coton-x-40/id1/493/73440.html"><h3>AUCHAN BABY</h3><h4>Coton carré douceur 100% coton x 40</h4><h4></h4><p>
1 pièce
<br/>
1.27€/pièce
</p></a></div><div class="mini_picto_bas"><!-- FIXME IDEM --><span class="com.atosworldline.ri.auchan.direct.front.tapestry.data.multimedia.Picture@648fbacd pictoListing txtImg">XXXXX</span></div></div></div></td><td><div class="bloc-produit nouveaute"><div class="bloc-produit-content   "><a title="Voir le produit" href="hygi%25C3%25A8ne-beaut%25C3%25A9/visage/lingettes-b%25C3%25A9b%25C3%25A9-caresse-naturelle-x-60/id1/493/78521.html"><img src="http://www.auchandirect.fr/static/images/products/line/78521.jpg" alt="" class="produit "/></a><div class="picto"><span class="invisible"></span></div><img alt="nouveauté" src="http://www.auchandirect.fr/static/images/ruban-nouveaute_small.png" class="ruban"/><div class="boutons-produit"><a id="addProductToBasket_99" onclick="javascript:Tapestry.waitForPage(event);" title="Ajouter au panier" class="bt-produit-ajout-panier" href="http://www.auchandirect.fr/rayon.productgridorlist.productlist.thumbnailproduct.addproducttobasket/78521?t:ac=nouveautes"><span>Ajouter au panier</span></a><a id="addProductToShoppingList_112" onclick="javascript:Tapestry.waitForPage(event);" title="Ajouter à ma liste" class="bt-produit-ajout-liste" href="http://www.auchandirect.fr/rayon.productgridorlist.productlist.thumbnailproduct.addproducttoshoppinglist/78521?t:ac=nouveautes">Ajouter à ma liste</a></div><div class="infos-produit-1"><div class="prix-actuel"><span>5.18€</span></div></div><div class="infos-produit-2"><a title="Voir le produit" href="hygi%25C3%25A8ne-beaut%25C3%25A9/visage/lingettes-b%25C3%25A9b%25C3%25A9-caresse-naturelle-x-60/id1/493/78521.html"><h3>CADUM</h3><h4>Lingettes bébé caresse naturelle x 60</h4><h4>Natural</h4><p>
2 pièces
<br/>
2.59€/pièce
</p></a></div><div class="mini_picto_bas"></div></div></div></td><td><div class="bloc-produit nouveaute"><div class="bloc-produit-content   "><a title="Voir le produit" href="hygi%25C3%25A8ne-beaut%25C3%25A9/cheveux/apr%25C3%25A8s-shampooing-cheveux-secs/id1/491/31200.html"><img src="http://www.auchandirect.fr/static/images/products/line/31200.jpg" alt="" class="produit "/></a><div class="picto"><span class="invisible"></span></div><img alt="nouveauté" src="http://www.auchandirect.fr/static/images/ruban-nouveaute_small.png" class="ruban"/><div class="boutons-produit"><a id="addProductToBasket_100" onclick="javascript:Tapestry.waitForPage(event);" title="Ajouter au panier" class="bt-produit-ajout-panier" href="http://www.auchandirect.fr/rayon.productgridorlist.productlist.thumbnailproduct.addproducttobasket/31200?t:ac=nouveautes"><span>Ajouter au panier</span></a><a id="addProductToShoppingList_113" onclick="javascript:Tapestry.waitForPage(event);" title="Ajouter à ma liste" class="bt-produit-ajout-liste" href="http://www.auchandirect.fr/rayon.productgridorlist.productlist.thumbnailproduct.addproducttoshoppinglist/31200?t:ac=nouveautes">Ajouter à ma liste</a></div><div class="infos-produit-1"><div class="prix-actuel"><span>3.19€</span></div></div><div class="infos-produit-2"><a title="Voir le produit" href="hygi%25C3%25A8ne-beaut%25C3%25A9/cheveux/apr%25C3%25A8s-shampooing-cheveux-secs/id1/491/31200.html"><h3>FRUCTIS</h3><h4>Après-shampooing cheveux secs</h4><h4>Hydra Liss</h4><p>
200 ml
<br/>
15.95€/l
</p></a></div><div class="mini_picto_bas"></div></div></div></td></tr><tr><td><div class="bloc-produit nouveaute"><div class="bloc-produit-content   "><a title="Voir le produit" href="hygi%25C3%25A8ne-beaut%25C3%25A9/corps/douche-abricot-basilic/id1/492/75396.html"><img src="http://www.auchandirect.fr/static/images/products/line/75396.jpg" alt="" class="produit "/></a><div class="picto"><span class="invisible"></span></div><img alt="nouveauté" src="http://www.auchandirect.fr/static/images/ruban-nouveaute_small.png" class="ruban"/><div class="boutons-produit"><a id="addProductToBasket_101" onclick="javascript:Tapestry.waitForPage(event);" title="Ajouter au panier" class="bt-produit-ajout-panier" href="http://www.auchandirect.fr/rayon.productgridorlist.productlist.thumbnailproduct.addproducttobasket/75396?t:ac=nouveautes"><span>Ajouter au panier</span></a><a id="addProductToShoppingList_114" onclick="javascript:Tapestry.waitForPage(event);" title="Ajouter à ma liste" class="bt-produit-ajout-liste" href="http://www.auchandirect.fr/rayon.productgridorlist.productlist.thumbnailproduct.addproducttoshoppinglist/75396?t:ac=nouveautes">Ajouter à ma liste</a></div><div class="infos-produit-1"><div class="prix-actuel"><span>2.83€</span></div></div><div class="infos-produit-2"><a title="Voir le produit" href="hygi%25C3%25A8ne-beaut%25C3%25A9/corps/douche-abricot-basilic/id1/492/75396.html"><h3>LE PETIT MARSEILLAIS</h3><h4>Douche abricot basilic</h4><h4>Cueillettes Fruitées</h4><p>
300 ml
<br/>
9.43€/l
</p></a></div><div class="mini_picto_bas"></div></div></div></td><td><div class="bloc-produit nouveaute"><div class="bloc-produit-content   "><a title="Voir le produit" href="hygi%25C3%25A8ne-beaut%25C3%25A9/corps/d%25C3%25A9odorant-bille-anti-transpirant-48h/id1/492/98481.html"><img src="http://www.auchandirect.fr/static/images/products/line/98481.jpg" alt="" class="produit "/></a><div class="picto"><span class="invisible"></span></div><img alt="nouveauté" src="http://www.auchandirect.fr/static/images/ruban-nouveaute_small.png" class="ruban"/><div class="boutons-produit"><a id="addProductToBasket_102" onclick="javascript:Tapestry.waitForPage(event);" title="Ajouter au panier" class="bt-produit-ajout-panier" href="http://www.auchandirect.fr/rayon.productgridorlist.productlist.thumbnailproduct.addproducttobasket/98481?t:ac=nouveautes"><span>Ajouter au panier</span></a><a id="addProductToShoppingList_115" onclick="javascript:Tapestry.waitForPage(event);" title="Ajouter à ma liste" class="bt-produit-ajout-liste" href="http://www.auchandirect.fr/rayon.productgridorlist.productlist.thumbnailproduct.addproducttoshoppinglist/98481?t:ac=nouveautes">Ajouter à ma liste</a></div><div class="infos-produit-1"><div class="prix-actuel"><span>4.35€</span></div></div><div class="infos-produit-2"><a title="Voir le produit" href="hygi%25C3%25A8ne-beaut%25C3%25A9/corps/d%25C3%25A9odorant-bille-anti-transpirant-48h/id1/492/98481.html"><h3>NARTA</h3><h4>Déodorant bille anti-transpirant 48h</h4><h4>Protection 5</h4><p>
50 ml
<br/>
87.00€/l
</p></a></div><div class="mini_picto_bas"></div></div></div></td><td><div class="bloc-produit nouveaute"><div class="bloc-produit-content   "><a title="Voir le produit" href="hygi%25C3%25A8ne-beaut%25C3%25A9/visage/soft-tube-cr%25C3%25A8me/id1/493/1814.html"><img src="http://www.auchandirect.fr/static/images/products/line/1814.jpg" alt="" class="produit "/></a><div class="picto"><span class="invisible"></span></div><img alt="nouveauté" src="http://www.auchandirect.fr/static/images/ruban-nouveaute_small.png" class="ruban"/><div class="boutons-produit"><a id="addProductToBasket_103" onclick="javascript:Tapestry.waitForPage(event);" title="Ajouter au panier" class="bt-produit-ajout-panier" href="http://www.auchandirect.fr/rayon.productgridorlist.productlist.thumbnailproduct.addproducttobasket/1814?t:ac=nouveautes"><span>Ajouter au panier</span></a><a id="addProductToShoppingList_116" onclick="javascript:Tapestry.waitForPage(event);" title="Ajouter à ma liste" class="bt-produit-ajout-liste" href="http://www.auchandirect.fr/rayon.productgridorlist.productlist.thumbnailproduct.addproducttoshoppinglist/1814?t:ac=nouveautes">Ajouter à ma liste</a></div><div class="infos-produit-1"><div class="prix-actuel"><span>2.49€</span></div></div><div class="infos-produit-2"><a title="Voir le produit" href="hygi%25C3%25A8ne-beaut%25C3%25A9/visage/soft-tube-cr%25C3%25A8me/id1/493/1814.html"><h3>NIVEA</h3><h4>Soft tube crème</h4><h4>Soft</h4><p>
75 ml
<br/>
33.20€/l
</p></a></div><div class="mini_picto_bas"></div></div></div></td></tr><tr><td><div class="bloc-produit nouveaute"><div class="bloc-produit-content   "><a title="Voir le produit" href="hygi%25C3%25A8ne-beaut%25C3%25A9/hommes/d%25C3%25A9odorant-bille/id1/433468/74495.html"><img src="http://www.auchandirect.fr/static/images/products/line/74495.jpg" alt="" class="produit "/></a><div class="picto"><span class="invisible"></span></div><img alt="nouveauté" src="http://www.auchandirect.fr/static/images/ruban-nouveaute_small.png" class="ruban"/><div class="boutons-produit"><a id="addProductToBasket_104" onclick="javascript:Tapestry.waitForPage(event);" title="Ajouter au panier" class="bt-produit-ajout-panier" href="http://www.auchandirect.fr/rayon.productgridorlist.productlist.thumbnailproduct.addproducttobasket/74495?t:ac=nouveautes"><span>Ajouter au panier</span></a><a id="addProductToShoppingList_117" onclick="javascript:Tapestry.waitForPage(event);" title="Ajouter à ma liste" class="bt-produit-ajout-liste" href="http://www.auchandirect.fr/rayon.productgridorlist.productlist.thumbnailproduct.addproducttoshoppinglist/74495?t:ac=nouveautes">Ajouter à ma liste</a></div><div class="infos-produit-1"><div class="prix-actuel"><span>4.10€</span></div></div><div class="infos-produit-2"><a title="Voir le produit" href="hygi%25C3%25A8ne-beaut%25C3%25A9/hommes/d%25C3%25A9odorant-bille/id1/433468/74495.html"><h3>NIVEA</h3><h4>Déodorant bille</h4><h4>Invisible For Black &amp; White</h4><p>
200 ml
<br/>
20.50€/l
</p></a></div><div class="mini_picto_bas"></div></div></div></td><td><div class="bloc-produit nouveaute"><div class="bloc-produit-content   "><a title="Voir le produit" href="hygi%25C3%25A8ne-beaut%25C3%25A9/visage/soin-du-jour-apaisant-peaux-sensibles/id1/493/78670.html"><img src="http://www.auchandirect.fr/static/images/products/line/78670.jpg" alt="" class="produit "/></a><div class="picto"><span class="invisible"></span></div><img alt="nouveauté" src="http://www.auchandirect.fr/static/images/ruban-nouveaute_small.png" class="ruban"/><div class="boutons-produit"><a id="addProductToBasket_105" onclick="javascript:Tapestry.waitForPage(event);" title="Ajouter au panier" class="bt-produit-ajout-panier" href="http://www.auchandirect.fr/rayon.productgridorlist.productlist.thumbnailproduct.addproducttobasket/78670?t:ac=nouveautes"><span>Ajouter au panier</span></a><a id="addProductToShoppingList_118" onclick="javascript:Tapestry.waitForPage(event);" title="Ajouter à ma liste" class="bt-produit-ajout-liste" href="http://www.auchandirect.fr/rayon.productgridorlist.productlist.thumbnailproduct.addproducttoshoppinglist/78670?t:ac=nouveautes">Ajouter à ma liste</a></div><div class="infos-produit-1"><div class="prix-actuel"><span>7.14€</span></div></div><div class="infos-produit-2"><a title="Voir le produit" href="hygi%25C3%25A8ne-beaut%25C3%25A9/visage/soin-du-jour-apaisant-peaux-sensibles/id1/493/78670.html"><h3>NIVEA</h3><h4>Soin du jour apaisant peaux sensibles</h4><h4>Pure and Natural</h4><p>
50 ml
<br/>
142.80€/l
</p></a></div><div class="mini_picto_bas"></div></div></div></td><td><div class="bloc-produit nouveaute"><div class="bloc-produit-content   "><a title="Voir le produit" href="hygi%25C3%25A8ne-beaut%25C3%25A9/corps/d%25C3%25A9o-atomiseur/id1/492/77836.html"><img src="http://www.auchandirect.fr/static/images/products/line/77836.jpg" alt="" class="produit "/></a><div class="picto"><span class="invisible"></span></div><img alt="nouveauté" src="http://www.auchandirect.fr/static/images/ruban-nouveaute_small.png" class="ruban"/><div class="boutons-produit"><a id="addProductToBasket_106" onclick="javascript:Tapestry.waitForPage(event);" title="Ajouter au panier" class="bt-produit-ajout-panier" href="http://www.auchandirect.fr/rayon.productgridorlist.productlist.thumbnailproduct.addproducttobasket/77836?t:ac=nouveautes"><span>Ajouter au panier</span></a><a id="addProductToShoppingList_119" onclick="javascript:Tapestry.waitForPage(event);" title="Ajouter à ma liste" class="bt-produit-ajout-liste" href="http://www.auchandirect.fr/rayon.productgridorlist.productlist.thumbnailproduct.addproducttoshoppinglist/77836?t:ac=nouveautes">Ajouter à ma liste</a></div><div class="infos-produit-1"><div class="prix-actuel"><span>3.99€</span></div></div><div class="infos-produit-2"><a title="Voir le produit" href="hygi%25C3%25A8ne-beaut%25C3%25A9/corps/d%25C3%25A9o-atomiseur/id1/492/77836.html"><h3>NIVEA</h3><h4>Déo atomiseur</h4><h4>Invisible For Black &amp; White</h4><p>
200 ml
<br/>
19.95€/l
</p></a></div><div class="mini_picto_bas"></div></div></div></td></tr><tr><td><div class="bloc-produit nouveaute"><div class="bloc-produit-content   "><a title="Voir le produit" href="hygi%25C3%25A8ne-beaut%25C3%25A9/corps/d%25C3%25A9o-bille/id1/492/74494.html"><img src="http://www.auchandirect.fr/static/images/products/line/74494.jpg" alt="" class="produit "/></a><div class="picto"><span class="invisible"></span></div><img alt="nouveauté" src="http://www.auchandirect.fr/static/images/ruban-nouveaute_small.png" class="ruban"/><div class="boutons-produit"><a id="addProductToBasket_107" onclick="javascript:Tapestry.waitForPage(event);" title="Ajouter au panier" class="bt-produit-ajout-panier" href="http://www.auchandirect.fr/rayon.productgridorlist.productlist.thumbnailproduct.addproducttobasket/74494?t:ac=nouveautes"><span>Ajouter au panier</span></a><a id="addProductToShoppingList_120" onclick="javascript:Tapestry.waitForPage(event);" title="Ajouter à ma liste" class="bt-produit-ajout-liste" href="http://www.auchandirect.fr/rayon.productgridorlist.productlist.thumbnailproduct.addproducttoshoppinglist/74494?t:ac=nouveautes">Ajouter à ma liste</a></div><div class="infos-produit-1"><div class="prix-actuel"><span>4.16€</span></div></div><div class="infos-produit-2"><a title="Voir le produit" href="hygi%25C3%25A8ne-beaut%25C3%25A9/corps/d%25C3%25A9o-bille/id1/492/74494.html"><h3>NIVEA</h3><h4>Déo bille</h4><h4>Invisible For Black &amp; White</h4><p>
50 ml
<br/>
83.20€/l
</p></a></div><div class="mini_picto_bas"></div></div></div></td><td><div class="bloc-produit nouveaute"><div class="bloc-produit-content   "><a title="Voir le produit" href="hygi%25C3%25A8ne-beaut%25C3%25A9/corps/cr%25C3%25A8me-douche-douceur/id1/492/94777.html"><img src="http://www.auchandirect.fr/static/images/products/line/94777.jpg" alt="" class="produit "/></a><div class="picto"><span class="invisible"></span></div><img alt="nouveauté" src="http://www.auchandirect.fr/static/images/ruban-nouveaute_small.png" class="ruban"/><div class="boutons-produit"><a id="addProductToBasket_108" onclick="javascript:Tapestry.waitForPage(event);" title="Ajouter au panier" class="bt-produit-ajout-panier" href="http://www.auchandirect.fr/rayon.productgridorlist.productlist.thumbnailproduct.addproducttobasket/94777?t:ac=nouveautes"><span>Ajouter au panier</span></a><a id="addProductToShoppingList_121" onclick="javascript:Tapestry.waitForPage(event);" title="Ajouter à ma liste" class="bt-produit-ajout-liste" href="http://www.auchandirect.fr/rayon.productgridorlist.productlist.thumbnailproduct.addproducttoshoppinglist/94777?t:ac=nouveautes">Ajouter à ma liste</a></div><div class="infos-produit-1"><div class="prix-actuel"><span>2.49€</span></div></div><div class="infos-produit-2"><a title="Voir le produit" href="hygi%25C3%25A8ne-beaut%25C3%25A9/corps/cr%25C3%25A8me-douche-douceur/id1/492/94777.html"><h3>NIVEA</h3><h4>Crème douche Douceur</h4><h4></h4><p>
250 ml
<br/>
9.96€/l
</p></a></div><div class="mini_picto_bas"></div></div></div></td><td><div class="bloc-produit nouveaute"><div class="bloc-produit-content   "><a title="Voir le produit" href="hygi%25C3%25A8ne-beaut%25C3%25A9/visage/gel-nettoyant-et-purifiant-all-in-1/id1/493/78661.html"><img src="http://www.auchandirect.fr/static/images/products/line/78661.jpg" alt="" class="produit "/></a><div class="picto"><span class="invisible"></span></div><img alt="nouveauté" src="http://www.auchandirect.fr/static/images/ruban-nouveaute_small.png" class="ruban"/><div class="boutons-produit"><a id="addProductToBasket_109" onclick="javascript:Tapestry.waitForPage(event);" title="Ajouter au panier" class="bt-produit-ajout-panier" href="http://www.auchandirect.fr/rayon.productgridorlist.productlist.thumbnailproduct.addproducttobasket/78661?t:ac=nouveautes"><span>Ajouter au panier</span></a><a id="addProductToShoppingList_122" onclick="javascript:Tapestry.waitForPage(event);" title="Ajouter à ma liste" class="bt-produit-ajout-liste" href="http://www.auchandirect.fr/rayon.productgridorlist.productlist.thumbnailproduct.addproducttoshoppinglist/78661?t:ac=nouveautes">Ajouter à ma liste</a></div><div class="infos-produit-1"><div class="prix-actuel"><span>5.15€</span></div></div><div class="infos-produit-2"><a title="Voir le produit" href="hygi%25C3%25A8ne-beaut%25C3%25A9/visage/gel-nettoyant-et-purifiant-all-in-1/id1/493/78661.html"><h3>NIVEA</h3><h4>Gel nettoyant et purifiant All in 1</h4><h4>All in 1</h4><p>
150 ml
<br/>
34.33€/l
</p></a></div><div class="mini_picto_bas"></div></div></div></td></tr><tr><td><div class="bloc-produit nouveaute"><div class="bloc-produit-content   "><a title="Voir le produit" href="hygi%25C3%25A8ne-beaut%25C3%25A9/visage/cr%25C3%25A8me-teint%25C3%25A9e/id1/493/103468.html"><img src="http://www.auchandirect.fr/static/images/products/line/103468.jpg" alt="" class="produit "/></a><div class="picto"><span class="invisible"></span></div><img alt="nouveauté" src="http://www.auchandirect.fr/static/images/ruban-nouveaute_small.png" class="ruban"/><div class="boutons-produit"><a id="addProductToBasket_110" onclick="javascript:Tapestry.waitForPage(event);" title="Ajouter au panier" class="bt-produit-ajout-panier" href="http://www.auchandirect.fr/rayon.productgridorlist.productlist.thumbnailproduct.addproducttobasket/103468?t:ac=nouveautes"><span>Ajouter au panier</span></a><a id="addProductToShoppingList_123" onclick="javascript:Tapestry.waitForPage(event);" title="Ajouter à ma liste" class="bt-produit-ajout-liste" href="http://www.auchandirect.fr/rayon.productgridorlist.productlist.thumbnailproduct.addproducttoshoppinglist/103468?t:ac=nouveautes">Ajouter à ma liste</a></div><div class="infos-produit-1"><div class="prix-actuel"><span>12.29€</span></div></div><div class="infos-produit-2"><a title="Voir le produit" href="hygi%25C3%25A8ne-beaut%25C3%25A9/visage/cr%25C3%25A8me-teint%25C3%25A9e/id1/493/103468.html"><h3>NIVEA</h3><h4>Crème Teintée</h4><h4>Q10+</h4><p>
50 ml
<br/>
245.80€/l
</p></a></div><div class="mini_picto_bas"></div></div></div></td><td><div class="bloc-produit nouveaute"><div class="bloc-produit-content   "><a title="Voir le produit" href="hygi%25C3%25A8ne-beaut%25C3%25A9/corps/lait-r%25C3%25A9parateur-&amp;-soin/id1/492/103469.html"><img src="http://www.auchandirect.fr/static/images/products/line/103469.jpg" alt="" class="produit "/></a><div class="picto"><span class="invisible"></span></div><img alt="nouveauté" src="http://www.auchandirect.fr/static/images/ruban-nouveaute_small.png" class="ruban"/><div class="boutons-produit"><a id="addProductToBasket_111" onclick="javascript:Tapestry.waitForPage(event);" title="Ajouter au panier" class="bt-produit-ajout-panier" href="http://www.auchandirect.fr/rayon.productgridorlist.productlist.thumbnailproduct.addproducttobasket/103469?t:ac=nouveautes"><span>Ajouter au panier</span></a><a id="addProductToShoppingList_124" onclick="javascript:Tapestry.waitForPage(event);" title="Ajouter à ma liste" class="bt-produit-ajout-liste" href="http://www.auchandirect.fr/rayon.productgridorlist.productlist.thumbnailproduct.addproducttoshoppinglist/103469?t:ac=nouveautes">Ajouter à ma liste</a></div><div class="infos-produit-1"><div class="prix-actuel"><span>4.92€</span></div></div><div class="infos-produit-2"><a title="Voir le produit" href="hygi%25C3%25A8ne-beaut%25C3%25A9/corps/lait-r%25C3%25A9parateur-&amp;-soin/id1/492/103469.html"><h3>NIVEA</h3><h4>Lait Réparateur &amp; Soin</h4><h4>Réparateur &amp; Soin</h4><p>
250 ml
<br/>
19.68€/l
</p></a></div><div class="mini_picto_bas"></div></div></div></td><td><div class="bloc-produit nouveaute"><div class="bloc-produit-content   "><a title="Voir le produit" href="hygi%25C3%25A8ne-beaut%25C3%25A9/corps/huile-s%25C3%25A8che-fermet%25C3%25A9/id1/492/103470.html"><img src="http://www.auchandirect.fr/static/images/products/line/103470.jpg" alt="" class="produit "/></a><div class="picto"><span class="invisible"></span></div><img alt="nouveauté" src="http://www.auchandirect.fr/static/images/ruban-nouveaute_small.png" class="ruban"/><div class="boutons-produit"><a id="addProductToBasket_112" onclick="javascript:Tapestry.waitForPage(event);" title="Ajouter au panier" class="bt-produit-ajout-panier" href="http://www.auchandirect.fr/rayon.productgridorlist.productlist.thumbnailproduct.addproducttobasket/103470?t:ac=nouveautes"><span>Ajouter au panier</span></a><a id="addProductToShoppingList_125" onclick="javascript:Tapestry.waitForPage(event);" title="Ajouter à ma liste" class="bt-produit-ajout-liste" href="http://www.auchandirect.fr/rayon.productgridorlist.productlist.thumbnailproduct.addproducttoshoppinglist/103470?t:ac=nouveautes">Ajouter à ma liste</a></div><div class="infos-produit-1"><div class="prix-actuel"><span>8.70€</span></div></div><div class="infos-produit-2"><a title="Voir le produit" href="hygi%25C3%25A8ne-beaut%25C3%25A9/corps/huile-s%25C3%25A8che-fermet%25C3%25A9/id1/492/103470.html"><h3>NIVEA</h3><h4>Huile sèche fermeté</h4><h4>Q10</h4><p>
100 ml
<br/>
87.00€/l
</p></a></div><div class="mini_picto_bas"></div></div></div></td></tr><tr><td><div class="bloc-produit nouveaute"><div class="bloc-produit-content   "><a title="Voir le produit" href="hygi%25C3%25A8ne-beaut%25C3%25A9/corps/gel-douche-douce-sieste-sous-les-palmiers/id1/492/78967.html"><img src="http://www.auchandirect.fr/static/images/products/line/78967.jpg" alt="" class="produit "/></a><div class="picto"><span class="invisible"></span></div><img alt="nouveauté" src="http://www.auchandirect.fr/static/images/ruban-nouveaute_small.png" class="ruban"/><div class="boutons-produit"><a id="addProductToBasket_113" onclick="javascript:Tapestry.waitForPage(event);" title="Ajouter au panier" class="bt-produit-ajout-panier" href="http://www.auchandirect.fr/rayon.productgridorlist.productlist.thumbnailproduct.addproducttobasket/78967?t:ac=nouveautes"><span>Ajouter au panier</span></a><a id="addProductToShoppingList_126" onclick="javascript:Tapestry.waitForPage(event);" title="Ajouter à ma liste" class="bt-produit-ajout-liste" href="http://www.auchandirect.fr/rayon.productgridorlist.productlist.thumbnailproduct.addproducttoshoppinglist/78967?t:ac=nouveautes">Ajouter à ma liste</a></div><div class="infos-produit-1"><div class="prix-actuel"><span>2.99€</span></div></div><div class="infos-produit-2"><a title="Voir le produit" href="hygi%25C3%25A8ne-beaut%25C3%25A9/corps/gel-douche-douce-sieste-sous-les-palmiers/id1/492/78967.html"><h3>TAHITI</h3><h4>Gel douche douce sieste sous les palmiers</h4><h4>Monoï des îles</h4><p>
300 ml
<br/>
9.97€/l
</p></a></div><div class="mini_picto_bas"></div></div></div></td><td><div class="bloc-produit nouveaute"><div class="bloc-produit-content   "><a title="Voir le produit" href="hygi%25C3%25A8ne-beaut%25C3%25A9/cheveux/apr%25C3%25A8s-shampooing/id1/491/73940.html"><img src="http://www.auchandirect.fr/static/images/products/line/73940.jpg" alt="" class="produit "/></a><div class="picto"><span class="invisible"></span></div><img alt="nouveauté" src="http://www.auchandirect.fr/static/images/ruban-nouveaute_small.png" class="ruban"/><div class="boutons-produit"><a id="addProductToBasket_114" onclick="javascript:Tapestry.waitForPage(event);" title="Ajouter au panier" class="bt-produit-ajout-panier" href="http://www.auchandirect.fr/rayon.productgridorlist.productlist.thumbnailproduct.addproducttobasket/73940?t:ac=nouveautes"><span>Ajouter au panier</span></a><a id="addProductToShoppingList_127" onclick="javascript:Tapestry.waitForPage(event);" title="Ajouter à ma liste" class="bt-produit-ajout-liste" href="http://www.auchandirect.fr/rayon.productgridorlist.productlist.thumbnailproduct.addproducttoshoppinglist/73940?t:ac=nouveautes">Ajouter à ma liste</a></div><div class="infos-produit-1"><div class="prix-actuel"><span>3.09€</span></div></div><div class="infos-produit-2"><a title="Voir le produit" href="hygi%25C3%25A8ne-beaut%25C3%25A9/cheveux/apr%25C3%25A8s-shampooing/id1/491/73940.html"><h3>ULTRA DOUX</h3><h4>Après-shampooing</h4><h4>Vanille et papaye</h4><p>
200 ml
<br/>
15.45€/l
</p></a></div><div class="mini_picto_bas"></div></div></div></td><td><div class="bloc-produit nouveaute"><div class="bloc-produit-content   "><a title="Voir le produit" href="hygi%25C3%25A8ne-beaut%25C3%25A9/corps/cr%25C3%25A8me-douche-savon-d'alep-et-miel/id1/492/98460.html"><img src="http://www.auchandirect.fr/static/images/products/line/98460.jpg" alt="" class="produit "/></a><div class="picto"><span class="invisible"></span></div><img alt="nouveauté" src="http://www.auchandirect.fr/static/images/ruban-nouveaute_small.png" class="ruban"/><div class="boutons-produit"><a id="addProductToBasket_115" onclick="javascript:Tapestry.waitForPage(event);" title="Ajouter au panier" class="bt-produit-ajout-panier" href="http://www.auchandirect.fr/rayon.productgridorlist.productlist.thumbnailproduct.addproducttobasket/98460?t:ac=nouveautes"><span>Ajouter au panier</span></a><a id="addProductToShoppingList_128" onclick="javascript:Tapestry.waitForPage(event);" title="Ajouter à ma liste" class="bt-produit-ajout-liste" href="http://www.auchandirect.fr/rayon.productgridorlist.productlist.thumbnailproduct.addproducttoshoppinglist/98460?t:ac=nouveautes">Ajouter à ma liste</a></div><div class="infos-produit-1"><div class="prix-actuel"><span>2.58€</span></div></div><div class="infos-produit-2"><a title="Voir le produit" href="hygi%25C3%25A8ne-beaut%25C3%25A9/corps/cr%25C3%25A8me-douche-savon-d'alep-et-miel/id1/492/98460.html"><h3>USHUAIA</h3><h4>Crème douche savon d'alep et miel</h4><h4>HAMMAM</h4><p>
250 ml
<br/>
10.32€/l
</p></a></div><div class="mini_picto_bas"></div></div></div></td></tr><tr><td><div class="bloc-produit nouveaute bientot-dispo"><div class="bloc-produit-content   "><a title="Voir le produit" href="hygi%25C3%25A8ne-beaut%25C3%25A9/corps/douche-bain-surgras/id1/492/75288.html"><img src="http://www.auchandirect.fr/static/images/products/line/75288.jpg" alt="" class="produit "/></a><div class="picto"><span class="invisible"></span></div><img alt="nouveauté" src="http://www.auchandirect.fr/static/images/ruban-nouveaute_small.png" class="ruban"/><div class="boutons-produit"><a class="bt-produit-ajout-panier disable" title="Bientôt disponible" href="javascript:void(0)"><span>Bientôt disponible</span></a><a id="addProductToShoppingList_129" onclick="javascript:Tapestry.waitForPage(event);" title="Ajouter à ma liste" class="bt-produit-ajout-liste" href="http://www.auchandirect.fr/rayon.productgridorlist.productlist.thumbnailproduct.addproducttoshoppinglist/75288?t:ac=nouveautes">Ajouter à ma liste</a></div><div class="infos-produit-1"><div class="prix-actuel"><span>5.89€</span></div></div><div class="infos-produit-2"><a title="Voir le produit" href="hygi%25C3%25A8ne-beaut%25C3%25A9/corps/douche-bain-surgras/id1/492/75288.html"><h3>VENDÔME</h3><h4>Douche bain surgras</h4><h4>Abricot</h4><p>
750 ml
<br/>
7.85€/l
</p></a></div><div class="mini_picto_bas"></div></div></div></td><td></td><td></td></tr></table><div class="pro-ecolo"><h1>Entretien</h1></div><table><tr><td><div class="bloc-produit nouveaute"><div class="bloc-produit-content   "><a title="Voir le produit" href="entretien/produits-m%25C3%25A9nagers/lingettes-nettoyantes-multi-surfaces-x50/id1/497/70435.html"><img src="http://www.auchandirect.fr/static/images/products/line/70435.jpg" alt="" class="produit "/></a><div class="picto"><span class="invisible"></span></div><img alt="nouveauté" src="http://www.auchandirect.fr/static/images/ruban-nouveaute_small.png" class="ruban"/><div class="boutons-produit"><a id="addProductToBasket_116" onclick="javascript:Tapestry.waitForPage(event);" title="Ajouter au panier" class="bt-produit-ajout-panier" href="http://www.auchandirect.fr/rayon.productgridorlist.productlist.thumbnailproduct.addproducttobasket/70435?t:ac=nouveautes"><span>Ajouter au panier</span></a><a id="addProductToShoppingList_130" onclick="javascript:Tapestry.waitForPage(event);" title="Ajouter à ma liste" class="bt-produit-ajout-liste" href="http://www.auchandirect.fr/rayon.productgridorlist.productlist.thumbnailproduct.addproducttoshoppinglist/70435?t:ac=nouveautes">Ajouter à ma liste</a></div><div class="infos-produit-1"><div class="prix-actuel"><span>1.99€</span></div></div><div class="infos-produit-2"><a title="Voir le produit" href="entretien/produits-m%25C3%25A9nagers/lingettes-nettoyantes-multi-surfaces-x50/id1/497/70435.html"><h3>AUCHAN</h3><h4>Lingettes nettoyantes multi surfaces x50</h4><h4>Senteur agrumes</h4><p>
1 Pièce
<br/>
1.99€/pièce
</p></a></div><div class="mini_picto_bas"></div></div></div></td><td><div class="bloc-produit nouveaute"><div class="bloc-produit-content   "><a title="Voir le produit" href="entretien/vaisselle/liquide-de-rin%25C3%25A7age-lave-vaisselle/id1/496/109404.html"><img src="http://www.auchandirect.fr/static/images/products/line/109404.jpg" alt="" class="produit "/></a><div class="picto"><span class="invisible"></span></div><img alt="nouveauté" src="http://www.auchandirect.fr/static/images/ruban-nouveaute_small.png" class="ruban"/><div class="boutons-produit"><a id="addProductToBasket_117" onclick="javascript:Tapestry.waitForPage(event);" title="Ajouter au panier" class="bt-produit-ajout-panier" href="http://www.auchandirect.fr/rayon.productgridorlist.productlist.thumbnailproduct.addproducttobasket/109404?t:ac=nouveautes"><span>Ajouter au panier</span></a><a id="addProductToShoppingList_131" onclick="javascript:Tapestry.waitForPage(event);" title="Ajouter à ma liste" class="bt-produit-ajout-liste" href="http://www.auchandirect.fr/rayon.productgridorlist.productlist.thumbnailproduct.addproducttoshoppinglist/109404?t:ac=nouveautes">Ajouter à ma liste</a></div><div class="infos-produit-1"><div class="prix-actuel"><span>1.46€</span></div></div><div class="infos-produit-2"><a title="Voir le produit" href="entretien/vaisselle/liquide-de-rin%25C3%25A7age-lave-vaisselle/id1/496/109404.html"><h3>AUCHAN</h3><h4>Liquide de rinçage lave-vaisselle</h4><h4></h4><p>
500 ml
<br/>
2.92€/l
</p></a></div><div class="mini_picto_bas"></div></div></div></td><td><div class="bloc-produit nouveaute"><div class="bloc-produit-content   "><a title="Voir le produit" href="entretien/vaisselle/pastilles-tout-en-1-pour-lave-vaiselle-aux-agrumes/id1/496/110858.html"><img src="http://www.auchandirect.fr/static/images/products/line/110858.jpg" alt="" class="produit "/></a><div class="picto"><span class="invisible"></span></div><img alt="nouveauté" src="http://www.auchandirect.fr/static/images/ruban-nouveaute_small.png" class="ruban"/><div class="boutons-produit"><a id="addProductToBasket_118" onclick="javascript:Tapestry.waitForPage(event);" title="Ajouter au panier" class="bt-produit-ajout-panier" href="http://www.auchandirect.fr/rayon.productgridorlist.productlist.thumbnailproduct.addproducttobasket/110858?t:ac=nouveautes"><span>Ajouter au panier</span></a><a id="addProductToShoppingList_132" onclick="javascript:Tapestry.waitForPage(event);" title="Ajouter à ma liste" class="bt-produit-ajout-liste" href="http://www.auchandirect.fr/rayon.productgridorlist.productlist.thumbnailproduct.addproducttoshoppinglist/110858?t:ac=nouveautes">Ajouter à ma liste</a></div><div class="infos-produit-1"><div class="prix-actuel"><span>5.80€</span></div></div><div class="infos-produit-2"><a title="Voir le produit" href="entretien/vaisselle/pastilles-tout-en-1-pour-lave-vaiselle-aux-agrumes/id1/496/110858.html"><h3>AUCHAN</h3><h4>Pastilles tout en 1 pour lave vaiselle aux agrumes</h4><h4></h4><p>
x 60
<br/>
0.10€/pièce
</p></a></div><div class="mini_picto_bas"></div></div></div></td></tr><tr><td><div class="bloc-produit nouveaute bientot-dispo"><div class="bloc-produit-content   "><a title="Voir le produit" href="entretien/vaisselle/pastilles-tout-en-1-pour-lave-vaiselle-fra%25C3%25AEcheur/id1/496/110582.html"><img src="http://www.auchandirect.fr/static/images/products/line/110582.jpg" alt="" class="produit "/></a><div class="picto"><span class="invisible"></span></div><img alt="nouveauté" src="http://www.auchandirect.fr/static/images/ruban-nouveaute_small.png" class="ruban"/><div class="boutons-produit"><a class="bt-produit-ajout-panier disable" title="Bientôt disponible" href="javascript:void(0)"><span>Bientôt disponible</span></a><a id="addProductToShoppingList_133" onclick="javascript:Tapestry.waitForPage(event);" title="Ajouter à ma liste" class="bt-produit-ajout-liste" href="http://www.auchandirect.fr/rayon.productgridorlist.productlist.thumbnailproduct.addproducttoshoppinglist/110582?t:ac=nouveautes">Ajouter à ma liste</a></div><div class="infos-produit-1"><div class="prix-actuel"><span>6.75€</span></div></div><div class="infos-produit-2"><a title="Voir le produit" href="entretien/vaisselle/pastilles-tout-en-1-pour-lave-vaiselle-fra%25C3%25AEcheur/id1/496/110582.html"><h3>AUCHAN</h3><h4>Pastilles tout en 1 pour lave vaiselle fraîcheur</h4><h4></h4><p>
x 45
<br/>
0.15€/pièce
</p></a></div><div class="mini_picto_bas"></div></div></div></td><td><div class="bloc-produit nouveaute bientot-dispo"><div class="bloc-produit-content   "><a title="Voir le produit" href="entretien/vaisselle/tablettes-vaisselle-tout-en-1/id1/496/99145.html"><img src="http://www.auchandirect.fr/static/images/products/line/99145.jpg" alt="" class="produit "/></a><div class="picto"><span class="invisible"></span></div><img alt="nouveauté" src="http://www.auchandirect.fr/static/images/ruban-nouveaute_small.png" class="ruban"/><div class="boutons-produit"><a class="bt-produit-ajout-panier disable" title="Bientôt disponible" href="javascript:void(0)"><span>Bientôt disponible</span></a><a id="addProductToShoppingList_134" onclick="javascript:Tapestry.waitForPage(event);" title="Ajouter à ma liste" class="bt-produit-ajout-liste" href="http://www.auchandirect.fr/rayon.productgridorlist.productlist.thumbnailproduct.addproducttoshoppinglist/99145?t:ac=nouveautes">Ajouter à ma liste</a></div><div class="infos-produit-1"><div class="prix-actuel"><span>9.29€</span></div></div><div class="infos-produit-2"><a title="Voir le produit" href="entretien/vaisselle/tablettes-vaisselle-tout-en-1/id1/496/99145.html"><h3>FINISH</h3><h4>Tablettes vaisselle tout en 1</h4><h4>Tout en 1</h4><p>
x 30
<br/>
0.31€/pièce
</p></a></div><div class="mini_picto_bas"></div></div></div></td><td><div class="bloc-produit nouveaute bientot-dispo"><div class="bloc-produit-content   "><a title="Voir le produit" href="entretien/papiers/original-bo%25C3%25AEte-mouchoirs/id1/499/102312.html"><img src="http://www.auchandirect.fr/static/images/products/line/102312.jpg" alt="" class="produit "/></a><div class="picto"><span class="invisible"></span></div><img alt="nouveauté" src="http://www.auchandirect.fr/static/images/ruban-nouveaute_small.png" class="ruban"/><div class="boutons-produit"><a class="bt-produit-ajout-panier disable" title="Bientôt disponible" href="javascript:void(0)"><span>Bientôt disponible</span></a><a id="addProductToShoppingList_135" onclick="javascript:Tapestry.waitForPage(event);" title="Ajouter à ma liste" class="bt-produit-ajout-liste" href="http://www.auchandirect.fr/rayon.productgridorlist.productlist.thumbnailproduct.addproducttoshoppinglist/102312?t:ac=nouveautes">Ajouter à ma liste</a></div><div class="infos-produit-1"><div class="prix-actuel"><span>2.09€</span></div></div><div class="infos-produit-2"><a title="Voir le produit" href="entretien/papiers/original-bo%25C3%25AEte-mouchoirs/id1/499/102312.html"><h3>KLEENEX</h3><h4>Original Boîte mouchoirs</h4><h4>Original</h4><p>
2 pièces
<br/>
1.05€/pièce
</p></a></div><div class="mini_picto_bas"></div></div></div></td></tr><tr><td><div class="bloc-produit nouveaute"><div class="bloc-produit-content   "><a title="Voir le produit" href="entretien/produits-m%25C3%25A9nagers/spray-nettoyant-salle-de-bain-%25C3%25A9cologique/id1/497/98842.html"><img src="http://www.auchandirect.fr/static/images/products/line/98842.jpg" alt="" class="produit "/></a><div class="picto"><span class="invisible"></span></div><img alt="nouveauté" src="http://www.auchandirect.fr/static/images/ruban-nouveaute_small.png" class="ruban"/><div class="boutons-produit"><a id="addProductToBasket_119" onclick="javascript:Tapestry.waitForPage(event);" title="Ajouter au panier" class="bt-produit-ajout-panier" href="http://www.auchandirect.fr/rayon.productgridorlist.productlist.thumbnailproduct.addproducttobasket/98842?t:ac=nouveautes"><span>Ajouter au panier</span></a><a id="addProductToShoppingList_136" onclick="javascript:Tapestry.waitForPage(event);" title="Ajouter à ma liste" class="bt-produit-ajout-liste" href="http://www.auchandirect.fr/rayon.productgridorlist.productlist.thumbnailproduct.addproducttoshoppinglist/98842?t:ac=nouveautes">Ajouter à ma liste</a></div><div class="infos-produit-1"><div class="prix-actuel"><span>3.05€</span></div></div><div class="infos-produit-2"><a title="Voir le produit" href="entretien/produits-m%25C3%25A9nagers/spray-nettoyant-salle-de-bain-%25C3%25A9cologique/id1/497/98842.html"><h3>L'ARBRE VERT</h3><h4>Spray nettoyant salle de bain écologique</h4><h4></h4><p>
740 ml
<br/>
4.12€/l
</p></a></div><div class="mini_picto_bas"><!-- FIXME IDEM --><span class="com.atosworldline.ri.auchan.direct.front.tapestry.data.multimedia.Picture@54c7718d pictoListing txtImg">XXXXX</span></div></div></div></td><td><div class="bloc-produit nouveaute"><div class="bloc-produit-content   "><a title="Voir le produit" href="entretien/papiers/papier-toilette/id1/499/105227.html"><img src="http://www.auchandirect.fr/static/images/products/line/105227.jpg" alt="" class="produit "/></a><div class="picto"><span class="invisible"></span></div><img alt="nouveauté" src="http://www.auchandirect.fr/static/images/ruban-nouveaute_small.png" class="ruban"/><div class="boutons-produit"><a id="addProductToBasket_120" onclick="javascript:Tapestry.waitForPage(event);" title="Ajouter au panier" class="bt-produit-ajout-panier" href="http://www.auchandirect.fr/rayon.productgridorlist.productlist.thumbnailproduct.addproducttobasket/105227?t:ac=nouveautes"><span>Ajouter au panier</span></a><a id="addProductToShoppingList_137" onclick="javascript:Tapestry.waitForPage(event);" title="Ajouter à ma liste" class="bt-produit-ajout-liste" href="http://www.auchandirect.fr/rayon.productgridorlist.productlist.thumbnailproduct.addproducttoshoppinglist/105227?t:ac=nouveautes">Ajouter à ma liste</a></div><div class="infos-produit-1"><div class="prix-actuel"><span>4.99€</span></div></div><div class="infos-produit-2"><a title="Voir le produit" href="entretien/papiers/papier-toilette/id1/499/105227.html"><h3>LOTUS</h3><h4>Papier toilette</h4><h4>Confort</h4><p>
12 Pièces
<br/>
0.42€/pièce
</p></a></div><div class="mini_picto_bas"></div></div></div></td><td><div class="bloc-produit nouveaute"><div class="bloc-produit-content   "><a title="Voir le produit" href="entretien/soin-du-linge/lessive-liquide-savon-de-marseille,-26-lavages/id1/500/99732.html"><img src="http://www.auchandirect.fr/static/images/products/line/99732.jpg" alt="" class="produit "/></a><div class="picto"><span class="invisible"></span></div><img alt="nouveauté" src="http://www.auchandirect.fr/static/images/ruban-nouveaute_small.png" class="ruban"/><div class="boutons-produit"><a id="addProductToBasket_121" onclick="javascript:Tapestry.waitForPage(event);" title="Ajouter au panier" class="bt-produit-ajout-panier" href="http://www.auchandirect.fr/rayon.productgridorlist.productlist.thumbnailproduct.addproducttobasket/99732?t:ac=nouveautes"><span>Ajouter au panier</span></a><a id="addProductToShoppingList_138" onclick="javascript:Tapestry.waitForPage(event);" title="Ajouter à ma liste" class="bt-produit-ajout-liste" href="http://www.auchandirect.fr/rayon.productgridorlist.productlist.thumbnailproduct.addproducttoshoppinglist/99732?t:ac=nouveautes">Ajouter à ma liste</a></div><div class="infos-produit-1"><div class="prix-actuel"><span>6.75€</span></div></div><div class="infos-produit-2"><a title="Voir le produit" href="entretien/soin-du-linge/lessive-liquide-savon-de-marseille,-26-lavages/id1/500/99732.html"><h3>PERSIL</h3><h4>Lessive liquide savon de Marseille, 26 lavages</h4><h4>Pure et efficace</h4><p>
2 l
<br/>
3.38€/l
</p></a></div><div class="mini_picto_bas"></div></div></div></td></tr><tr><td></td><td></td><td></td></tr></table><div class="pro-ecolo"><h1>Animaux Maison</h1></div><table><tr><td><div class="bloc-produit nouveaute"><div class="bloc-produit-content   "><a title="Voir le produit" href="animaux-maison/animaux/terrine-de-poulet-pour-chien-en-barquette/id1/501/40297.html"><img src="http://www.auchandirect.fr/static/images/products/line/40297.jpg" alt="" class="produit "/></a><div class="picto"><span class="invisible"></span></div><img alt="nouveauté" src="http://www.auchandirect.fr/static/images/ruban-nouveaute_small.png" class="ruban"/><div class="boutons-produit"><a id="addProductToBasket_122" onclick="javascript:Tapestry.waitForPage(event);" title="Ajouter au panier" class="bt-produit-ajout-panier" href="http://www.auchandirect.fr/rayon.productgridorlist.productlist.thumbnailproduct.addproducttobasket/40297?t:ac=nouveautes"><span>Ajouter au panier</span></a><a id="addProductToShoppingList_139" onclick="javascript:Tapestry.waitForPage(event);" title="Ajouter à ma liste" class="bt-produit-ajout-liste" href="http://www.auchandirect.fr/rayon.productgridorlist.productlist.thumbnailproduct.addproducttoshoppinglist/40297?t:ac=nouveautes">Ajouter à ma liste</a></div><div class="infos-produit-1"><div class="prix-actuel"><span>0.98€</span></div></div><div class="infos-produit-2"><a title="Voir le produit" href="animaux-maison/animaux/terrine-de-poulet-pour-chien-en-barquette/id1/501/40297.html"><h3>AUCHAN</h3><h4>Terrine de poulet pour chien en barquette</h4><h4></h4><p>
300 g
<br/>
3.27€/kg
</p></a></div><div class="mini_picto_bas"></div></div></div></td><td><div class="bloc-produit nouveaute"><div class="bloc-produit-content   "><a title="Voir le produit" href="animaux-maison/animaux/terrine-au-saumon-pour-chat/id1/501/70264.html"><img src="http://www.auchandirect.fr/static/images/products/line/70264.jpg" alt="" class="produit "/></a><div class="picto"><span class="invisible"></span></div><img alt="nouveauté" src="http://www.auchandirect.fr/static/images/ruban-nouveaute_small.png" class="ruban"/><div class="boutons-produit"><a id="addProductToBasket_123" onclick="javascript:Tapestry.waitForPage(event);" title="Ajouter au panier" class="bt-produit-ajout-panier" href="http://www.auchandirect.fr/rayon.productgridorlist.productlist.thumbnailproduct.addproducttobasket/70264?t:ac=nouveautes"><span>Ajouter au panier</span></a><a id="addProductToShoppingList_140" onclick="javascript:Tapestry.waitForPage(event);" title="Ajouter à ma liste" class="bt-produit-ajout-liste" href="http://www.auchandirect.fr/rayon.productgridorlist.productlist.thumbnailproduct.addproducttoshoppinglist/70264?t:ac=nouveautes">Ajouter à ma liste</a></div><div class="infos-produit-1"><div class="prix-actuel"><span>0.49€</span></div></div><div class="infos-produit-2"><a title="Voir le produit" href="animaux-maison/animaux/terrine-au-saumon-pour-chat/id1/501/70264.html"><h3>AUCHAN</h3><h4>Terrine au saumon pour chat</h4><h4></h4><p>
100 g
<br/>
4.90€/kg
</p></a></div><div class="mini_picto_bas"></div></div></div></td><td><div class="bloc-produit nouveaute"><div class="bloc-produit-content   "><a title="Voir le produit" href="animaux-maison/maison-pratique/piles-aaa-750-mah-(lr03)-x4/id1/505/104737.html"><img src="http://www.auchandirect.fr/static/images/products/line/104737.jpg" alt="" class="produit "/></a><div class="picto"><span class="invisible"></span></div><img alt="nouveauté" src="http://www.auchandirect.fr/static/images/ruban-nouveaute_small.png" class="ruban"/><div class="boutons-produit"><a id="addProductToBasket_124" onclick="javascript:Tapestry.waitForPage(event);" title="Ajouter au panier" class="bt-produit-ajout-panier" href="http://www.auchandirect.fr/rayon.productgridorlist.productlist.thumbnailproduct.addproducttobasket/104737?t:ac=nouveautes"><span>Ajouter au panier</span></a><a id="addProductToShoppingList_141" onclick="javascript:Tapestry.waitForPage(event);" title="Ajouter à ma liste" class="bt-produit-ajout-liste" href="http://www.auchandirect.fr/rayon.productgridorlist.productlist.thumbnailproduct.addproducttoshoppinglist/104737?t:ac=nouveautes">Ajouter à ma liste</a></div><div class="infos-produit-1"><div class="prix-actuel"><span>14.50€</span></div></div><div class="infos-produit-2"><a title="Voir le produit" href="animaux-maison/maison-pratique/piles-aaa-750-mah-(lr03)-x4/id1/505/104737.html"><h3>DURACELL</h3><h4>Piles AAA 750 mAh (LR03) x4</h4><h4>Rechargeable</h4><p>
1 pièce
<br/>
14.50€/pièce
</p></a></div><div class="mini_picto_bas"></div></div></div></td></tr><tr><td><div class="bloc-produit nouveaute"><div class="bloc-produit-content   "><a title="Voir le produit" href="animaux-maison/maison-pratique/piles-aaa-800-mah-(lr03)-x4/id1/505/105615.html"><img src="http://www.auchandirect.fr/static/images/products/line/105615.jpg" alt="" class="produit "/></a><div class="picto"><span class="invisible"></span></div><img alt="nouveauté" src="http://www.auchandirect.fr/static/images/ruban-nouveaute_small.png" class="ruban"/><div class="boutons-produit"><a id="addProductToBasket_125" onclick="javascript:Tapestry.waitForPage(event);" title="Ajouter au panier" class="bt-produit-ajout-panier" href="http://www.auchandirect.fr/rayon.productgridorlist.productlist.thumbnailproduct.addproducttobasket/105615?t:ac=nouveautes"><span>Ajouter au panier</span></a><a id="addProductToShoppingList_142" onclick="javascript:Tapestry.waitForPage(event);" title="Ajouter à ma liste" class="bt-produit-ajout-liste" href="http://www.auchandirect.fr/rayon.productgridorlist.productlist.thumbnailproduct.addproducttoshoppinglist/105615?t:ac=nouveautes">Ajouter à ma liste</a></div><div class="infos-produit-1"><div class="prix-actuel"><span>17.50€</span></div></div><div class="infos-produit-2"><a title="Voir le produit" href="animaux-maison/maison-pratique/piles-aaa-800-mah-(lr03)-x4/id1/505/105615.html"><h3>DURACELL</h3><h4>Piles AAA 800 mAh (LR03) x4</h4><h4>Rechargeable</h4><p>
1 pièce
<br/>
17.50€/pièce
</p></a></div><div class="mini_picto_bas"></div></div></div></td><td><div class="bloc-produit nouveaute"><div class="bloc-produit-content   "><a title="Voir le produit" href="animaux-maison/maison-pratique/piles-aa-(lr06)-x4/id1/505/106304.html"><img src="http://www.auchandirect.fr/static/images/products/line/106304.jpg" alt="" class="produit "/></a><div class="picto"><span class="invisible"></span></div><img alt="nouveauté" src="http://www.auchandirect.fr/static/images/ruban-nouveaute_small.png" class="ruban"/><div class="boutons-produit"><a id="addProductToBasket_126" onclick="javascript:Tapestry.waitForPage(event);" title="Ajouter au panier" class="bt-produit-ajout-panier" href="http://www.auchandirect.fr/rayon.productgridorlist.productlist.thumbnailproduct.addproducttobasket/106304?t:ac=nouveautes"><span>Ajouter au panier</span></a><a id="addProductToShoppingList_143" onclick="javascript:Tapestry.waitForPage(event);" title="Ajouter à ma liste" class="bt-produit-ajout-liste" href="http://www.auchandirect.fr/rayon.productgridorlist.productlist.thumbnailproduct.addproducttoshoppinglist/106304?t:ac=nouveautes">Ajouter à ma liste</a></div><div class="infos-produit-1"><div class="prix-actuel"><span>4.32€</span></div></div><div class="infos-produit-2"><a title="Voir le produit" href="animaux-maison/maison-pratique/piles-aa-(lr06)-x4/id1/505/106304.html"><h3>DURACELL</h3><h4>Piles AA (LR06) x4</h4><h4>Plus power</h4><p>
1 pièce
<br/>
4.32€/pièce
</p></a></div><div class="mini_picto_bas"></div></div></div></td><td><div class="bloc-produit nouveaute bientot-dispo"><div class="bloc-produit-content   "><a title="Voir le produit" href="animaux-maison/maison-pratique/piles-aaa-(lr03)-x4/id1/505/105754.html"><img src="http://www.auchandirect.fr/static/images/products/line/105754.jpg" alt="" class="produit "/></a><div class="picto"><span class="invisible"></span></div><img alt="nouveauté" src="http://www.auchandirect.fr/static/images/ruban-nouveaute_small.png" class="ruban"/><div class="boutons-produit"><a class="bt-produit-ajout-panier disable" title="Bientôt disponible" href="javascript:void(0)"><span>Bientôt disponible</span></a><a id="addProductToShoppingList_144" onclick="javascript:Tapestry.waitForPage(event);" title="Ajouter à ma liste" class="bt-produit-ajout-liste" href="http://www.auchandirect.fr/rayon.productgridorlist.productlist.thumbnailproduct.addproducttoshoppinglist/105754?t:ac=nouveautes">Ajouter à ma liste</a></div><div class="infos-produit-1"><div class="prix-actuel"><span>4.32€</span></div></div><div class="infos-produit-2"><a title="Voir le produit" href="animaux-maison/maison-pratique/piles-aaa-(lr03)-x4/id1/505/105754.html"><h3>DURACELL</h3><h4>Piles AAA (LR03) x4</h4><h4>Plus Power</h4><p>
1 pièce
<br/>
4.32€/pièce
</p></a></div><div class="mini_picto_bas"></div></div></div></td></tr><tr><td><div class="bloc-produit nouveaute"><div class="bloc-produit-content   "><a title="Voir le produit" href="animaux-maison/animaux/barquette-au-boeuf/id1/501/76490.html"><img src="http://www.auchandirect.fr/static/images/products/line/76490.jpg" alt="" class="produit "/></a><div class="picto"><span class="invisible"></span></div><img alt="nouveauté" src="http://www.auchandirect.fr/static/images/ruban-nouveaute_small.png" class="ruban"/><div class="boutons-produit"><a id="addProductToBasket_127" onclick="javascript:Tapestry.waitForPage(event);" title="Ajouter au panier" class="bt-produit-ajout-panier" href="http://www.auchandirect.fr/rayon.productgridorlist.productlist.thumbnailproduct.addproducttobasket/76490?t:ac=nouveautes"><span>Ajouter au panier</span></a><a id="addProductToShoppingList_145" onclick="javascript:Tapestry.waitForPage(event);" title="Ajouter à ma liste" class="bt-produit-ajout-liste" href="http://www.auchandirect.fr/rayon.productgridorlist.productlist.thumbnailproduct.addproducttoshoppinglist/76490?t:ac=nouveautes">Ajouter à ma liste</a></div><div class="infos-produit-1"><div class="prix-actuel"><span>0.29€</span></div></div><div class="infos-produit-2"><a title="Voir le produit" href="animaux-maison/animaux/barquette-au-boeuf/id1/501/76490.html"><h3>POUCE</h3><h4>Barquette au boeuf</h4><h4></h4><p>
100 g
<br/>
2.90€/kg
</p></a></div><div class="mini_picto_bas"><!-- FIXME IDEM --><span class="com.atosworldline.ri.auchan.direct.front.tapestry.data.multimedia.Picture@c866b1d pictoListing txtImg">XXXXX</span></div></div></div></td><td><div class="bloc-produit nouveaute"><div class="bloc-produit-content   "><a title="Voir le produit" href="animaux-maison/animaux/boulettes-au-boeuf-pour-chat/id1/501/72309.html"><img src="http://www.auchandirect.fr/static/images/products/line/72309.jpg" alt="" class="produit "/></a><div class="picto"><span class="invisible"></span></div><img alt="nouveauté" src="http://www.auchandirect.fr/static/images/ruban-nouveaute_small.png" class="ruban"/><div class="boutons-produit"><a id="addProductToBasket_128" onclick="javascript:Tapestry.waitForPage(event);" title="Ajouter au panier" class="bt-produit-ajout-panier" href="http://www.auchandirect.fr/rayon.productgridorlist.productlist.thumbnailproduct.addproducttobasket/72309?t:ac=nouveautes"><span>Ajouter au panier</span></a><a id="addProductToShoppingList_146" onclick="javascript:Tapestry.waitForPage(event);" title="Ajouter à ma liste" class="bt-produit-ajout-liste" href="http://www.auchandirect.fr/rayon.productgridorlist.productlist.thumbnailproduct.addproducttoshoppinglist/72309?t:ac=nouveautes">Ajouter à ma liste</a></div><div class="infos-produit-1"><div class="prix-actuel"><span>0.99€</span></div></div><div class="infos-produit-2"><a title="Voir le produit" href="animaux-maison/animaux/boulettes-au-boeuf-pour-chat/id1/501/72309.html"><h3>POUCE</h3><h4>Boulettes au boeuf pour chat</h4><h4></h4><p>
820 g
<br/>
1.21€/kg
</p></a></div><div class="mini_picto_bas"><!-- FIXME IDEM --><span class="com.atosworldline.ri.auchan.direct.front.tapestry.data.multimedia.Picture@691a1101 pictoListing txtImg">XXXXX</span></div></div></div></td><td></td></tr></table></div></div></div><!-- t:zone t:id="productListZone" t:update="show">
							<t:if test="specificCategory">
								<div id="${productListDivId}" class="liste clear-container">
									<bean t:type="products/lists/productList" categoryId="categoryId" products="products" listType="displayType" specifCategory="true" />
								</div>
							<p:else>
								<div id="${productListDivId}" class="liste clear-container">
									<bean t:type="products/lists/productList" categoryId="categoryId" products="products" listType="displayType" />
								</div>
							</p:else>
							</t:if>
						</t:zone --><!-- Bannière bas --><div class="zone-admin diff-zone"></div><!--  --><div class="clear-container" id="liste-produits-infos"><p>
Si vous avez des suggestions de produits,
<a id="suggestionPopup" onclick="javascript:Tapestry.waitForPage(event);" class="orange-link" shape="rect" href="rayon.suggestionpopup%3Ft:ac=nouveautes.html">dites-le nous !</a><span class="backtotop"><a shape="rect" href="rayon.pagetemplate.fancycloseprovidergabarit.closebuttonhk%3Ft:ac=nouveautes.html#top">Retour en haut de page</a></span></p></div></div><div style="position: relative" class="right-content"><div style="position: relative" id="wrapper_for_fixed_content"><!-- <div id="wrapper_for_fixed_content" xmlns:t="http://tapestry.apache.org/schema/tapestry_5_1_0.xsd" xmlns:p="tapestry:parameter"> --><div id="tout-en-un-client"><div class="item first" id="tout-en-un-compte"><h3>Mon Compte</h3><p><a id="eventlink" onclick="javascript:Tapestry.waitForPage(event);" href="rayon.customerinfos:showsigninpopup%3Ft:ac=nouveautes.html">Identifiez-vous</a><a> - </a><a id="registerPopup" onclick="javascript:Tapestry.waitForPage(event);" href="rayon.customerinfos.registerpopup%3Ft:ac=nouveautes.html">Inscrivez-vous</a></p></div><div class="item" id="tout-en-un-commandes"><h3>Mes commandes</h3><p><a id="popupAuth" onclick="javascript:Tapestry.waitForPage(event);" href="rayon.customerinfos.popupauth%3Ft:ac=nouveautes.html">Consultez vos commandes en cours et passées</a></p></div><div class="item" id="tout-en-un-livraison"><h3>
Ma livraison
</h3><p class="t-zone" id="slotInfoZone"><a id="showSlotTab" onclick="javascript:Tapestry.waitForPage(event);" href="rayon.customerinfos.slotinfo.showslottab%3Ft:ac=nouveautes.html"><span class="item-texte">
Prochaine livraison possible
</span><span class="item-date">jeudi 28/03 entre 07h00 et 09h00</span></a></p></div><div class="t-zone" id="accountSummaryTabContentZone"><div id="onglets"><ul class="menu menu-horizontal tabs float-container"><li><a id="basket" onclick="javascript:Tapestry.waitForPage(event);" title="Mon panier" class="onglet-panier current" href="rayon.customerinfos.basket%3Ft:ac=nouveautes.html"><span class="invisible">Mon panier</span></a></li><li><a id="lists" onclick="javascript:Tapestry.waitForPage(event);" title="Mes listes" class="onglet-listes " href="rayon.customerinfos.lists%3Ft:ac=nouveautes.html"><span class="invisible">Mes listes</span></a></li><li><a id="topBasket" onclick="javascript:Tapestry.waitForPage(event);" title="Lancer mon top panier" class="onglet-top-panier " href="rayon.customerinfos.topbasket%3Ft:ac=nouveautes.html"><span class="invisible">Mon top panier</span></a></li></ul><div class="panes"><div class="item" id="panel-panier"><div class="t-zone" id="completeMiniBasketZone"><div class="t-zone" id="miniBasket"><p>Votre panier est vide</p><ul class="menu menu-horizontal"><li><a title="Voir le détails de votre panier" class="panier-bt-voir" href="monpanier.html"></a></li></ul></div><div class="bouton-right-container"><div class="container-bouton-type1"><a id="validateBasket" onclick="javascript:Tapestry.waitForPage(event);" class="bouton-type1" href="rayon.customerinfos.minibasket.validatebasket%3Ft:ac=nouveautes.html">
Valider mon panier
</a></div></div><div class="clear"></div></div></div></div></div></div></div><!-- </div> --><!-- <bean t:type="misc/commitment/expandedCommitment" /> --></div></div></div></div><!-- div class="float-container" id="footer-menu-annexe" xmlns:t="http://tapestry.apache.org/schema/tapestry_5_1_0.xsd">
	<ul class="menu menu-horizontal">
		<li>
			<t:pagelink t:page="apropos/engagement">
				<t:outputraw value="message:link.engagement.lbl" />
			</t:pagelink>
		</li>
		<li>
			<t:pagelink t:page="apropos/contact">
				<t:outputraw value="message:link.contact.lbl" />
			</t:pagelink>
		</li>
		<li>
			<t:pagelink t:page="apropos/faq">
				<t:outputraw value="message:link.faq.lbl" />
			</t:pagelink>
		</li>
		<li>
			<t:pagelink t:page="apropos/cgv">
				<t:outputraw value="message:link.cgv.lbl" />
			</t:pagelink>
		</li>
		<li>
			<t:pagelink t:page="apropos/operations">
				<t:outputraw value="message:link.operations.lbl" />
			</t:pagelink>
		</li>
		<li>
			<t:pagelink t:page="apropos/legal">
				<t:outputraw value="message:link.legal.lbl" />
			</t:pagelink>
		</li>
	</ul>
</div --><div id="footer-menu-annexe" class="float-container">
<ul class="menu menu-horizontal">
	<li><a href="http://www.auchandirect.fr/apropos/engagement">Engagements</a></li>
	<li><a href="http://www.auchandirect.fr/apropos/contact">Contactez-nous</a></li>
	<li><a href="http://www.auchandirect.fr/apropos/faq">FAQ</a></li>
	<li><a href="http://www.auchandirect.fr/apropos/cgv">Conditions g&eacute;n&eacute;rales de vente</a></li>
	<li><a href="http://www.auchandirect.fr/apropos/operations">Op&eacute;rations commerciales</a></li>
	<li><a href="http://www.auchandirect.fr/apropos/legal">Mentions l&eacute;gales</a></li>
	<li><a href="actu.html">Actualit&eacute;s</a> </li>
</ul>
</div>
<!-- div class="float-container" id="footer-infos" xmlns:t="http://tapestry.apache.org/schema/tapestry_5_1_0.xsd">
	<div id="info-facebook">
		<a href="http://www.facebook.com/Auchandirect.fr" target="_blank">
			<img width="26" height="26" alt="${message:facebook.img.alt}" src="/static/images/icone-facebook.png" />
		</a>
		<a href="http://www.facebook.com/Auchandirect.fr" target="_blank">	
			<span><t:outputraw value="message:facebook.fan.lbl" /></span>
		</a>
	</div>
	<div id="infos-contact">
		<div id="infos-contact-titre">
			<t:outputraw value="message:info.contact.lbl" />
		</div>
		<div id="infos-contact-tel">
			<t:outputraw value="message:info.phone.lbl" />
		</div>
		<div id="infos-contact-mail">
			<t:outputraw value="message:info.mail.lbl" />
		</div>
		<div id="eco-responsable">
			<img src="/static/images/picto-carton.png" width="142" height="126" alt="${message:eco.resp.alt}" />
		</div>
	</div>
</div --><div id="footer-infos" class="float-container">
<div id="info-facebook">
<a href="http://www.facebook.com/Auchandirect.fr" target="_blank"><img src="http://www.auchandirect.fr/static/images/icone-facebook.png" alt="auchandirect sur facebook" width="26" height="26" /></a><a href="http://www.facebook.com/Auchandirect.fr" target="_blank"><span>Devenez fan !</span></a>
</div>
<div id="infos-contact">
<div id="infos-contact-titre">
Contactez votre service client :
</div>
<div id="infos-contact-tel">
<strong>Par t&eacute;l&eacute;phone : 09 69 39 19 69 </strong>Du lundi au vendredi de 8H &agrave; 22H et le samedi de 9H &agrave; 18H (Appel non surtax&eacute;)
</div>
<div id="infos-contact-mail">
<strong>Par email : <a href="mailto:client@auchandirect.fr">client@auchandirect.fr</a></strong>
</div>
<div id="eco-responsable">
<img src="http://www.auchandirect.fr/static/images/picto-carton.png" alt="eco-responsable" width="142" height="126" />
</div>
</div>
</div>
</div><div><a onclick="javascript:Tapestry.waitForPage(event);" id="closeButtonHk" href="rayon.pagetemplate.fancycloseprovidergabarit.closebuttonhk%3Ft:ac=nouveautes.html"></a></div><div class="t-zone" id="popupZone"></div><div class="t-zone" id="secondPopupZone"></div><div class="t-zone" id="closePopupZone"></div><a style="display:none;" id="showPopupLink" href="rayon.pagetemplate.fancycloseprovidergabarit.closebuttonhk%3Ft:ac=nouveautes.html#popupContent" class="fancylink"></a><div style="display:none"><div class="t-zone" id="forceAjax"></div></div><script type="text/javascript">
var gaJsHost = (("https:" == document.location.protocol) ? "https://ssl." : "http://www.");
document.write(unescape("%3Cscript src='" + gaJsHost + "google-analytics.com/ga.js' type='text/javascript'%3E%3C/script%3E"));
</script><script type="text/javascript">
var pageTracker = _gat._getTracker("UA-3062526-1");
pageTracker._initData();
pageTracker._trackPageview();
pageTracker._trackPageLoadTime();
</script><script src="http://www.auchandirect.fr/assets/ctx/296dafb4649acaf9/static/scripts/adi_all.js" type="text/javascript"></script><script src="http://www.auchandirect.fr/assets/ctx/296dafb4649acaf9/static/scripts/atos-fancy-fix.js" type="text/javascript"></script><script src="http://www.auchandirect.fr/assets/ctx/296dafb4649acaf9/static/fancybox/jquery.fancybox-1.3.4.js" type="text/javascript"></script><div id="endpiejs"></div><script type="text/javascript">Tapestry.onDOMLoaded(function() {
Tapestry.init({"popup":[[]],"linkZone":[["newsLetterPopup","forceAjax","/rayon.pagetemplate.header.headertop.newsletterpopup?t:ac=nouveautes"],["sortForm","productListZone","/rayon.productgridorlist.sortform"],["list","productListZone","/rayon.productgridorlist.list?t:ac=nouveautes"],["thumbnail","productListZone","/rayon.productgridorlist.thumbnail?t:ac=nouveautes"],["viewCat","labelZone","/rayon.productgridorlist.viewcat/404?t:ac=nouveautes"],["viewCat_0","labelZone","/rayon.productgridorlist.viewcat/408?t:ac=nouveautes"],["viewCat_1","labelZone","/rayon.productgridorlist.viewcat/407?t:ac=nouveautes"],["viewCat_2","labelZone","/rayon.productgridorlist.viewcat/406?t:ac=nouveautes"],["viewCat_3","labelZone","/rayon.productgridorlist.viewcat/413?t:ac=nouveautes"],["viewCat_4","labelZone","/rayon.productgridorlist.viewcat/409?t:ac=nouveautes"],["viewCat_5","labelZone","/rayon.productgridorlist.viewcat/411?t:ac=nouveautes"],["viewCat_6","labelZone","/rayon.productgridorlist.viewcat/410?t:ac=nouveautes"],["viewCat_7","labelZone","/rayon.productgridorlist.viewcat/405?t:ac=nouveautes"],["viewCat_8","labelZone","/rayon.productgridorlist.viewcat/412?t:ac=nouveautes"],["viewCat_9","labelZone","/rayon.productgridorlist.viewcat/414?t:ac=nouveautes"],["viewCat_10","labelZone","/rayon.productgridorlist.viewcat/415?t:ac=nouveautes"],["filterPromos","productListZone","/rayon.productgridorlist.filterpromos?t:ac=nouveautes"],["filterAuchan","productListZone","/rayon.productgridorlist.filterauchan?t:ac=nouveautes"],["addProductToBasket","forceAjax","/rayon.productgridorlist.productlist.thumbnailproduct.addproducttobasket/81042?t:ac=nouveautes"],["addProductToShoppingList","forceAjax","/rayon.productgridorlist.productlist.thumbnailproduct.addproducttoshoppinglist/81042?t:ac=nouveautes"],["addProductToBasket_0","forceAjax","/rayon.productgridorlist.productlist.thumbnailproduct.addproducttobasket/82011?t:ac=nouveautes"],["addProductToShoppingList_0","forceAjax","/rayon.productgridorlist.productlist.thumbnailproduct.addproducttoshoppinglist/82011?t:ac=nouveautes"],["addProductToBasket_1","forceAjax","/rayon.productgridorlist.productlist.thumbnailproduct.addproducttobasket/82604?t:ac=nouveautes"],["addProductToShoppingList_1","forceAjax","/rayon.productgridorlist.productlist.thumbnailproduct.addproducttoshoppinglist/82604?t:ac=nouveautes"],["addProductToBasket_2","forceAjax","/rayon.productgridorlist.productlist.thumbnailproduct.addproducttobasket/80518?t:ac=nouveautes"],["addProductToShoppingList_2","forceAjax","/rayon.productgridorlist.productlist.thumbnailproduct.addproducttoshoppinglist/80518?t:ac=nouveautes"],["addProductToBasket_3","forceAjax","/rayon.productgridorlist.productlist.thumbnailproduct.addproducttobasket/89857?t:ac=nouveautes"],["addProductToShoppingList_3","forceAjax","/rayon.productgridorlist.productlist.thumbnailproduct.addproducttoshoppinglist/89857?t:ac=nouveautes"],["addProductToBasket_4","forceAjax","/rayon.productgridorlist.productlist.thumbnailproduct.addproducttobasket/13851?t:ac=nouveautes"],["addProductToShoppingList_4","forceAjax","/rayon.productgridorlist.productlist.thumbnailproduct.addproducttoshoppinglist/13851?t:ac=nouveautes"],["addProductToBasket_5","forceAjax","/rayon.productgridorlist.productlist.thumbnailproduct.addproducttobasket/97583?t:ac=nouveautes"],["addProductToShoppingList_5","forceAjax","/rayon.productgridorlist.productlist.thumbnailproduct.addproducttoshoppinglist/97583?t:ac=nouveautes"],["addProductToBasket_6","forceAjax","/rayon.productgridorlist.productlist.thumbnailproduct.addproducttobasket/81345?t:ac=nouveautes"],["addProductToShoppingList_6","forceAjax","/rayon.productgridorlist.productlist.thumbnailproduct.addproducttoshoppinglist/81345?t:ac=nouveautes"],["addProductToBasket_7","forceAjax","/rayon.productgridorlist.productlist.thumbnailproduct.addproducttobasket/57340?t:ac=nouveautes"],["addProductToShoppingList_7","forceAjax","/rayon.productgridorlist.productlist.thumbnailproduct.addproducttoshoppinglist/57340?t:ac=nouveautes"],["addProductToBasket_8","forceAjax","/rayon.productgridorlist.productlist.thumbnailproduct.addproducttobasket/81824?t:ac=nouveautes"],["addProductToShoppingList_8","forceAjax","/rayon.productgridorlist.productlist.thumbnailproduct.addproducttoshoppinglist/81824?t:ac=nouveautes"],["addProductToBasket_9","forceAjax","/rayon.productgridorlist.productlist.thumbnailproduct.addproducttobasket/81362?t:ac=nouveautes"],["addProductToShoppingList_9","forceAjax","/rayon.productgridorlist.productlist.thumbnailproduct.addproducttoshoppinglist/81362?t:ac=nouveautes"],["addProductToBasket_10","forceAjax","/rayon.productgridorlist.productlist.thumbnailproduct.addproducttobasket/111119?t:ac=nouveautes"],["addProductToShoppingList_10","forceAjax","/rayon.productgridorlist.productlist.thumbnailproduct.addproducttoshoppinglist/111119?t:ac=nouveautes"],["addProductToBasket_11","forceAjax","/rayon.productgridorlist.productlist.thumbnailproduct.addproducttobasket/108934?t:ac=nouveautes"],["addProductToShoppingList_11","forceAjax","/rayon.productgridorlist.productlist.thumbnailproduct.addproducttoshoppinglist/108934?t:ac=nouveautes"],["addProductToBasket_12","forceAjax","/rayon.productgridorlist.productlist.thumbnailproduct.addproducttobasket/81649?t:ac=nouveautes"],["addProductToShoppingList_12","forceAjax","/rayon.productgridorlist.productlist.thumbnailproduct.addproducttoshoppinglist/81649?t:ac=nouveautes"],["addProductToBasket_13","forceAjax","/rayon.productgridorlist.productlist.thumbnailproduct.addproducttobasket/81529?t:ac=nouveautes"],["addProductToShoppingList_13","forceAjax","/rayon.productgridorlist.productlist.thumbnailproduct.addproducttoshoppinglist/81529?t:ac=nouveautes"],["addProductToBasket_14","forceAjax","/rayon.productgridorlist.productlist.thumbnailproduct.addproducttobasket/81128?t:ac=nouveautes"],["addProductToShoppingList_14","forceAjax","/rayon.productgridorlist.productlist.thumbnailproduct.addproducttoshoppinglist/81128?t:ac=nouveautes"],["addProductToBasket_15","forceAjax","/rayon.productgridorlist.productlist.thumbnailproduct.addproducttobasket/107766?t:ac=nouveautes"],["addProductToShoppingList_15","forceAjax","/rayon.productgridorlist.productlist.thumbnailproduct.addproducttoshoppinglist/107766?t:ac=nouveautes"],["addProductToBasket_16","forceAjax","/rayon.productgridorlist.productlist.thumbnailproduct.addproducttobasket/82588?t:ac=nouveautes"],["addProductToShoppingList_16","forceAjax","/rayon.productgridorlist.productlist.thumbnailproduct.addproducttoshoppinglist/82588?t:ac=nouveautes"],["addProductToBasket_17","forceAjax","/rayon.productgridorlist.productlist.thumbnailproduct.addproducttobasket/81891?t:ac=nouveautes"],["addProductToShoppingList_17","forceAjax","/rayon.productgridorlist.productlist.thumbnailproduct.addproducttoshoppinglist/81891?t:ac=nouveautes"],["addProductToBasket_18","forceAjax","/rayon.productgridorlist.productlist.thumbnailproduct.addproducttobasket/82146?t:ac=nouveautes"],["addProductToShoppingList_18","forceAjax","/rayon.productgridorlist.productlist.thumbnailproduct.addproducttoshoppinglist/82146?t:ac=nouveautes"],["addProductToBasket_19","forceAjax","/rayon.productgridorlist.productlist.thumbnailproduct.addproducttobasket/80145?t:ac=nouveautes"],["addProductToShoppingList_19","forceAjax","/rayon.productgridorlist.productlist.thumbnailproduct.addproducttoshoppinglist/80145?t:ac=nouveautes"],["addProductToShoppingList_20","forceAjax","/rayon.productgridorlist.productlist.thumbnailproduct.addproducttoshoppinglist/15268?t:ac=nouveautes"],["addProductToBasket_20","forceAjax","/rayon.productgridorlist.productlist.thumbnailproduct.addproducttobasket/102598?t:ac=nouveautes"],["addProductToShoppingList_21","forceAjax","/rayon.productgridorlist.productlist.thumbnailproduct.addproducttoshoppinglist/102598?t:ac=nouveautes"],["addProductToBasket_21","forceAjax","/rayon.productgridorlist.productlist.thumbnailproduct.addproducttobasket/104746?t:ac=nouveautes"],["addProductToShoppingList_22","forceAjax","/rayon.productgridorlist.productlist.thumbnailproduct.addproducttoshoppinglist/104746?t:ac=nouveautes"],["addProductToBasket_22","forceAjax","/rayon.productgridorlist.productlist.thumbnailproduct.addproducttobasket/86512?t:ac=nouveautes"],["addProductToShoppingList_23","forceAjax","/rayon.productgridorlist.productlist.thumbnailproduct.addproducttoshoppinglist/86512?t:ac=nouveautes"],["addProductToBasket_23","forceAjax","/rayon.productgridorlist.productlist.thumbnailproduct.addproducttobasket/86508?t:ac=nouveautes"],["addProductToShoppingList_24","forceAjax","/rayon.productgridorlist.productlist.thumbnailproduct.addproducttoshoppinglist/86508?t:ac=nouveautes"],["addProductToBasket_24","forceAjax","/rayon.productgridorlist.productlist.thumbnailproduct.addproducttobasket/95611?t:ac=nouveautes"],["addProductToShoppingList_25","forceAjax","/rayon.productgridorlist.productlist.thumbnailproduct.addproducttoshoppinglist/95611?t:ac=nouveautes"],["addProductToBasket_25","forceAjax","/rayon.productgridorlist.productlist.thumbnailproduct.addproducttobasket/87333?t:ac=nouveautes"],["addProductToShoppingList_26","forceAjax","/rayon.productgridorlist.productlist.thumbnailproduct.addproducttoshoppinglist/87333?t:ac=nouveautes"],["addProductToBasket_26","forceAjax","/rayon.productgridorlist.productlist.thumbnailproduct.addproducttobasket/86381?t:ac=nouveautes"],["addProductToShoppingList_27","forceAjax","/rayon.productgridorlist.productlist.thumbnailproduct.addproducttoshoppinglist/86381?t:ac=nouveautes"],["addProductToBasket_27","forceAjax","/rayon.productgridorlist.productlist.thumbnailproduct.addproducttobasket/1146?t:ac=nouveautes"],["addProductToShoppingList_28","forceAjax","/rayon.productgridorlist.productlist.thumbnailproduct.addproducttoshoppinglist/1146?t:ac=nouveautes"],["addProductToBasket_28","forceAjax","/rayon.productgridorlist.productlist.thumbnailproduct.addproducttobasket/2772?t:ac=nouveautes"],["addProductToShoppingList_29","forceAjax","/rayon.productgridorlist.productlist.thumbnailproduct.addproducttoshoppinglist/2772?t:ac=nouveautes"],["addProductToBasket_29","forceAjax","/rayon.productgridorlist.productlist.thumbnailproduct.addproducttobasket/37637?t:ac=nouveautes"],["addProductToShoppingList_30","forceAjax","/rayon.productgridorlist.productlist.thumbnailproduct.addproducttoshoppinglist/37637?t:ac=nouveautes"],["addProductToBasket_30","forceAjax","/rayon.productgridorlist.productlist.thumbnailproduct.addproducttobasket/75140?t:ac=nouveautes"],["addProductToShoppingList_31","forceAjax","/rayon.productgridorlist.productlist.thumbnailproduct.addproducttoshoppinglist/75140?t:ac=nouveautes"],["addProductToBasket_31","forceAjax","/rayon.productgridorlist.productlist.thumbnailproduct.addproducttobasket/75697?t:ac=nouveautes"],["addProductToShoppingList_32","forceAjax","/rayon.productgridorlist.productlist.thumbnailproduct.addproducttoshoppinglist/75697?t:ac=nouveautes"],["addProductToBasket_32","forceAjax","/rayon.productgridorlist.productlist.thumbnailproduct.addproducttobasket/72799?t:ac=nouveautes"],["addProductToShoppingList_33","forceAjax","/rayon.productgridorlist.productlist.thumbnailproduct.addproducttoshoppinglist/72799?t:ac=nouveautes"],["addProductToBasket_33","forceAjax","/rayon.productgridorlist.productlist.thumbnailproduct.addproducttobasket/89138?t:ac=nouveautes"],["addProductToShoppingList_34","forceAjax","/rayon.productgridorlist.productlist.thumbnailproduct.addproducttoshoppinglist/89138?t:ac=nouveautes"],["addProductToShoppingList_35","forceAjax","/rayon.productgridorlist.productlist.thumbnailproduct.addproducttoshoppinglist/79359?t:ac=nouveautes"],["addProductToBasket_34","forceAjax","/rayon.productgridorlist.productlist.thumbnailproduct.addproducttobasket/91700?t:ac=nouveautes"],["addProductToShoppingList_36","forceAjax","/rayon.productgridorlist.productlist.thumbnailproduct.addproducttoshoppinglist/91700?t:ac=nouveautes"],["addProductToBasket_35","forceAjax","/rayon.productgridorlist.productlist.thumbnailproduct.addproducttobasket/98974?t:ac=nouveautes"],["addProductToShoppingList_37","forceAjax","/rayon.productgridorlist.productlist.thumbnailproduct.addproducttoshoppinglist/98974?t:ac=nouveautes"],["addProductToBasket_36","forceAjax","/rayon.productgridorlist.productlist.thumbnailproduct.addproducttobasket/70720?t:ac=nouveautes"],["addProductToShoppingList_38","forceAjax","/rayon.productgridorlist.productlist.thumbnailproduct.addproducttoshoppinglist/70720?t:ac=nouveautes"],["addProductToShoppingList_39","forceAjax","/rayon.productgridorlist.productlist.thumbnailproduct.addproducttoshoppinglist/73008?t:ac=nouveautes"],["addProductToBasket_37","forceAjax","/rayon.productgridorlist.productlist.thumbnailproduct.addproducttobasket/74812?t:ac=nouveautes"],["addProductToShoppingList_40","forceAjax","/rayon.productgridorlist.productlist.thumbnailproduct.addproducttoshoppinglist/74812?t:ac=nouveautes"],["addProductToBasket_38","forceAjax","/rayon.productgridorlist.productlist.thumbnailproduct.addproducttobasket/96872?t:ac=nouveautes"],["addProductToShoppingList_41","forceAjax","/rayon.productgridorlist.productlist.thumbnailproduct.addproducttoshoppinglist/96872?t:ac=nouveautes"],["addProductToBasket_39","forceAjax","/rayon.productgridorlist.productlist.thumbnailproduct.addproducttobasket/74747?t:ac=nouveautes"],["addProductToShoppingList_42","forceAjax","/rayon.productgridorlist.productlist.thumbnailproduct.addproducttoshoppinglist/74747?t:ac=nouveautes"],["addProductToBasket_40","forceAjax","/rayon.productgridorlist.productlist.thumbnailproduct.addproducttobasket/60565?t:ac=nouveautes"],["addProductToShoppingList_43","forceAjax","/rayon.productgridorlist.productlist.thumbnailproduct.addproducttoshoppinglist/60565?t:ac=nouveautes"],["addProductToBasket_41","forceAjax","/rayon.productgridorlist.productlist.thumbnailproduct.addproducttobasket/60568?t:ac=nouveautes"],["addProductToShoppingList_44","forceAjax","/rayon.productgridorlist.productlist.thumbnailproduct.addproducttoshoppinglist/60568?t:ac=nouveautes"],["addProductToBasket_42","forceAjax","/rayon.productgridorlist.productlist.thumbnailproduct.addproducttobasket/60569?t:ac=nouveautes"],["addProductToShoppingList_45","forceAjax","/rayon.productgridorlist.productlist.thumbnailproduct.addproducttoshoppinglist/60569?t:ac=nouveautes"],["addProductToBasket_43","forceAjax","/rayon.productgridorlist.productlist.thumbnailproduct.addproducttobasket/95545?t:ac=nouveautes"],["addProductToShoppingList_46","forceAjax","/rayon.productgridorlist.productlist.thumbnailproduct.addproducttoshoppinglist/95545?t:ac=nouveautes"],["addProductToBasket_44","forceAjax","/rayon.productgridorlist.productlist.thumbnailproduct.addproducttobasket/103331?t:ac=nouveautes"],["addProductToShoppingList_47","forceAjax","/rayon.productgridorlist.productlist.thumbnailproduct.addproducttoshoppinglist/103331?t:ac=nouveautes"],["addProductToBasket_45","forceAjax","/rayon.productgridorlist.productlist.thumbnailproduct.addproducttobasket/103332?t:ac=nouveautes"],["addProductToShoppingList_48","forceAjax","/rayon.productgridorlist.productlist.thumbnailproduct.addproducttoshoppinglist/103332?t:ac=nouveautes"],["addProductToBasket_46","forceAjax","/rayon.productgridorlist.productlist.thumbnailproduct.addproducttobasket/103334?t:ac=nouveautes"],["addProductToShoppingList_49","forceAjax","/rayon.productgridorlist.productlist.thumbnailproduct.addproducttoshoppinglist/103334?t:ac=nouveautes"],["addProductToBasket_47","forceAjax","/rayon.productgridorlist.productlist.thumbnailproduct.addproducttobasket/89009?t:ac=nouveautes"],["addProductToShoppingList_50","forceAjax","/rayon.productgridorlist.productlist.thumbnailproduct.addproducttoshoppinglist/89009?t:ac=nouveautes"],["addProductToBasket_48","forceAjax","/rayon.productgridorlist.productlist.thumbnailproduct.addproducttobasket/78662?t:ac=nouveautes"],["addProductToShoppingList_51","forceAjax","/rayon.productgridorlist.productlist.thumbnailproduct.addproducttoshoppinglist/78662?t:ac=nouveautes"],["addProductToBasket_49","forceAjax","/rayon.productgridorlist.productlist.thumbnailproduct.addproducttobasket/1860?t:ac=nouveautes"],["addProductToShoppingList_52","forceAjax","/rayon.productgridorlist.productlist.thumbnailproduct.addproducttoshoppinglist/1860?t:ac=nouveautes"],["addProductToShoppingList_53","forceAjax","/rayon.productgridorlist.productlist.thumbnailproduct.addproducttoshoppinglist/75289?t:ac=nouveautes"],["addProductToBasket_50","forceAjax","/rayon.productgridorlist.productlist.thumbnailproduct.addproducttobasket/73258?t:ac=nouveautes"],["addProductToShoppingList_54","forceAjax","/rayon.productgridorlist.productlist.thumbnailproduct.addproducttoshoppinglist/73258?t:ac=nouveautes"],["addProductToBasket_51","forceAjax","/rayon.productgridorlist.productlist.thumbnailproduct.addproducttobasket/32478?t:ac=nouveautes"],["addProductToShoppingList_55","forceAjax","/rayon.productgridorlist.productlist.thumbnailproduct.addproducttoshoppinglist/32478?t:ac=nouveautes"],["addProductToBasket_52","forceAjax","/rayon.productgridorlist.productlist.thumbnailproduct.addproducttobasket/74110?t:ac=nouveautes"],["addProductToShoppingList_56","forceAjax","/rayon.productgridorlist.productlist.thumbnailproduct.addproducttoshoppinglist/74110?t:ac=nouveautes"],["addProductToBasket_53","forceAjax","/rayon.productgridorlist.productlist.thumbnailproduct.addproducttobasket/111018?t:ac=nouveautes"],["addProductToShoppingList_57","forceAjax","/rayon.productgridorlist.productlist.thumbnailproduct.addproducttoshoppinglist/111018?t:ac=nouveautes"],["addProductToBasket_54","forceAjax","/rayon.productgridorlist.productlist.thumbnailproduct.addproducttobasket/97983?t:ac=nouveautes"],["addProductToShoppingList_58","forceAjax","/rayon.productgridorlist.productlist.thumbnailproduct.addproducttoshoppinglist/97983?t:ac=nouveautes"],["addProductToShoppingList_59","forceAjax","/rayon.productgridorlist.productlist.thumbnailproduct.addproducttoshoppinglist/74230?t:ac=nouveautes"],["addProductToShoppingList_60","forceAjax","/rayon.productgridorlist.productlist.thumbnailproduct.addproducttoshoppinglist/75389?t:ac=nouveautes"],["addProductToBasket_55","forceAjax","/rayon.productgridorlist.productlist.thumbnailproduct.addproducttobasket/111644?t:ac=nouveautes"],["addProductToShoppingList_61","forceAjax","/rayon.productgridorlist.productlist.thumbnailproduct.addproducttoshoppinglist/111644?t:ac=nouveautes"],["addProductToBasket_56","forceAjax","/rayon.productgridorlist.productlist.thumbnailproduct.addproducttobasket/111622?t:ac=nouveautes"],["addProductToShoppingList_62","forceAjax","/rayon.productgridorlist.productlist.thumbnailproduct.addproducttoshoppinglist/111622?t:ac=nouveautes"],["addProductToShoppingList_63","forceAjax","/rayon.productgridorlist.productlist.thumbnailproduct.addproducttoshoppinglist/111643?t:ac=nouveautes"],["addProductToBasket_57","forceAjax","/rayon.productgridorlist.productlist.thumbnailproduct.addproducttobasket/77156?t:ac=nouveautes"],["addProductToShoppingList_64","forceAjax","/rayon.productgridorlist.productlist.thumbnailproduct.addproducttoshoppinglist/77156?t:ac=nouveautes"],["addProductToBasket_58","forceAjax","/rayon.productgridorlist.productlist.thumbnailproduct.addproducttobasket/100776?t:ac=nouveautes"],["addProductToShoppingList_65","forceAjax","/rayon.productgridorlist.productlist.thumbnailproduct.addproducttoshoppinglist/100776?t:ac=nouveautes"],["addProductToBasket_59","forceAjax","/rayon.productgridorlist.productlist.thumbnailproduct.addproducttobasket/111623?t:ac=nouveautes"],["addProductToShoppingList_66","forceAjax","/rayon.productgridorlist.productlist.thumbnailproduct.addproducttoshoppinglist/111623?t:ac=nouveautes"],["addProductToBasket_60","forceAjax","/rayon.productgridorlist.productlist.thumbnailproduct.addproducttobasket/111627?t:ac=nouveautes"],["addProductToShoppingList_67","forceAjax","/rayon.productgridorlist.productlist.thumbnailproduct.addproducttoshoppinglist/111627?t:ac=nouveautes"],["addProductToBasket_61","forceAjax","/rayon.productgridorlist.productlist.thumbnailproduct.addproducttobasket/111641?t:ac=nouveautes"],["addProductToShoppingList_68","forceAjax","/rayon.productgridorlist.productlist.thumbnailproduct.addproducttoshoppinglist/111641?t:ac=nouveautes"],["addProductToBasket_62","forceAjax","/rayon.productgridorlist.productlist.thumbnailproduct.addproducttobasket/111642?t:ac=nouveautes"],["addProductToShoppingList_69","forceAjax","/rayon.productgridorlist.productlist.thumbnailproduct.addproducttoshoppinglist/111642?t:ac=nouveautes"],["addProductToBasket_63","forceAjax","/rayon.productgridorlist.productlist.thumbnailproduct.addproducttobasket/2721?t:ac=nouveautes"],["addProductToShoppingList_70","forceAjax","/rayon.productgridorlist.productlist.thumbnailproduct.addproducttoshoppinglist/2721?t:ac=nouveautes"],["addProductToBasket_64","forceAjax","/rayon.productgridorlist.productlist.thumbnailproduct.addproducttobasket/111628?t:ac=nouveautes"],["addProductToShoppingList_71","forceAjax","/rayon.productgridorlist.productlist.thumbnailproduct.addproducttoshoppinglist/111628?t:ac=nouveautes"],["addProductToBasket_65","forceAjax","/rayon.productgridorlist.productlist.thumbnailproduct.addproducttobasket/111624?t:ac=nouveautes"],["addProductToShoppingList_72","forceAjax","/rayon.productgridorlist.productlist.thumbnailproduct.addproducttoshoppinglist/111624?t:ac=nouveautes"],["addProductToShoppingList_73","forceAjax","/rayon.productgridorlist.productlist.thumbnailproduct.addproducttoshoppinglist/73627?t:ac=nouveautes"],["addProductToShoppingList_74","forceAjax","/rayon.productgridorlist.productlist.thumbnailproduct.addproducttoshoppinglist/97050?t:ac=nouveautes"],["addProductToShoppingList_75","forceAjax","/rayon.productgridorlist.productlist.thumbnailproduct.addproducttoshoppinglist/111621?t:ac=nouveautes"],["addProductToBasket_66","forceAjax","/rayon.productgridorlist.productlist.thumbnailproduct.addproducttobasket/111645?t:ac=nouveautes"],["addProductToShoppingList_76","forceAjax","/rayon.productgridorlist.productlist.thumbnailproduct.addproducttoshoppinglist/111645?t:ac=nouveautes"],["addProductToBasket_67","forceAjax","/rayon.productgridorlist.productlist.thumbnailproduct.addproducttobasket/103727?t:ac=nouveautes"],["addProductToShoppingList_77","forceAjax","/rayon.productgridorlist.productlist.thumbnailproduct.addproducttoshoppinglist/103727?t:ac=nouveautes"],["addProductToBasket_68","forceAjax","/rayon.productgridorlist.productlist.thumbnailproduct.addproducttobasket/47515?t:ac=nouveautes"],["addProductToShoppingList_78","forceAjax","/rayon.productgridorlist.productlist.thumbnailproduct.addproducttoshoppinglist/47515?t:ac=nouveautes"],["addProductToBasket_69","forceAjax","/rayon.productgridorlist.productlist.thumbnailproduct.addproducttobasket/111646?t:ac=nouveautes"],["addProductToShoppingList_79","forceAjax","/rayon.productgridorlist.productlist.thumbnailproduct.addproducttoshoppinglist/111646?t:ac=nouveautes"],["addProductToBasket_70","forceAjax","/rayon.productgridorlist.productlist.thumbnailproduct.addproducttobasket/75436?t:ac=nouveautes"],["addProductToShoppingList_80","forceAjax","/rayon.productgridorlist.productlist.thumbnailproduct.addproducttoshoppinglist/75436?t:ac=nouveautes"],["addProductToBasket_71","forceAjax","/rayon.productgridorlist.productlist.thumbnailproduct.addproducttobasket/110465?t:ac=nouveautes"],["addProductToShoppingList_81","forceAjax","/rayon.productgridorlist.productlist.thumbnailproduct.addproducttoshoppinglist/110465?t:ac=nouveautes"],["addProductToBasket_72","forceAjax","/rayon.productgridorlist.productlist.thumbnailproduct.addproducttobasket/110645?t:ac=nouveautes"],["addProductToShoppingList_82","forceAjax","/rayon.productgridorlist.productlist.thumbnailproduct.addproducttoshoppinglist/110645?t:ac=nouveautes"],["addProductToBasket_73","forceAjax","/rayon.productgridorlist.productlist.thumbnailproduct.addproducttobasket/110635?t:ac=nouveautes"],["addProductToShoppingList_83","forceAjax","/rayon.productgridorlist.productlist.thumbnailproduct.addproducttoshoppinglist/110635?t:ac=nouveautes"],["addProductToBasket_74","forceAjax","/rayon.productgridorlist.productlist.thumbnailproduct.addproducttobasket/77089?t:ac=nouveautes"],["addProductToShoppingList_84","forceAjax","/rayon.productgridorlist.productlist.thumbnailproduct.addproducttoshoppinglist/77089?t:ac=nouveautes"],["addProductToShoppingList_85","forceAjax","/rayon.productgridorlist.productlist.thumbnailproduct.addproducttoshoppinglist/43804?t:ac=nouveautes"],["addProductToBasket_75","forceAjax","/rayon.productgridorlist.productlist.thumbnailproduct.addproducttobasket/78261?t:ac=nouveautes"],["addProductToShoppingList_86","forceAjax","/rayon.productgridorlist.productlist.thumbnailproduct.addproducttoshoppinglist/78261?t:ac=nouveautes"],["addProductToBasket_76","forceAjax","/rayon.productgridorlist.productlist.thumbnailproduct.addproducttobasket/103953?t:ac=nouveautes"],["addProductToShoppingList_87","forceAjax","/rayon.productgridorlist.productlist.thumbnailproduct.addproducttoshoppinglist/103953?t:ac=nouveautes"],["addProductToBasket_77","forceAjax","/rayon.productgridorlist.productlist.thumbnailproduct.addproducttobasket/109543?t:ac=nouveautes"],["addProductToShoppingList_88","forceAjax","/rayon.productgridorlist.productlist.thumbnailproduct.addproducttoshoppinglist/109543?t:ac=nouveautes"],["addProductToBasket_78","forceAjax","/rayon.productgridorlist.productlist.thumbnailproduct.addproducttobasket/77751?t:ac=nouveautes"],["addProductToShoppingList_89","forceAjax","/rayon.productgridorlist.productlist.thumbnailproduct.addproducttoshoppinglist/77751?t:ac=nouveautes"],["addProductToBasket_79","forceAjax","/rayon.productgridorlist.productlist.thumbnailproduct.addproducttobasket/47997?t:ac=nouveautes"],["addProductToShoppingList_90","forceAjax","/rayon.productgridorlist.productlist.thumbnailproduct.addproducttoshoppinglist/47997?t:ac=nouveautes"],["addProductToBasket_80","forceAjax","/rayon.productgridorlist.productlist.thumbnailproduct.addproducttobasket/103472?t:ac=nouveautes"],["addProductToShoppingList_91","forceAjax","/rayon.productgridorlist.productlist.thumbnailproduct.addproducttoshoppinglist/103472?t:ac=nouveautes"],["addProductToBasket_81","forceAjax","/rayon.productgridorlist.productlist.thumbnailproduct.addproducttobasket/110648?t:ac=nouveautes"],["addProductToShoppingList_92","forceAjax","/rayon.productgridorlist.productlist.thumbnailproduct.addproducttoshoppinglist/110648?t:ac=nouveautes"],["addProductToBasket_82","forceAjax","/rayon.productgridorlist.productlist.thumbnailproduct.addproducttobasket/110639?t:ac=nouveautes"],["addProductToShoppingList_93","forceAjax","/rayon.productgridorlist.productlist.thumbnailproduct.addproducttoshoppinglist/110639?t:ac=nouveautes"],["addProductToBasket_83","forceAjax","/rayon.productgridorlist.productlist.thumbnailproduct.addproducttobasket/110651?t:ac=nouveautes"],["addProductToShoppingList_94","forceAjax","/rayon.productgridorlist.productlist.thumbnailproduct.addproducttoshoppinglist/110651?t:ac=nouveautes"],["addProductToBasket_84","forceAjax","/rayon.productgridorlist.productlist.thumbnailproduct.addproducttobasket/107461?t:ac=nouveautes"],["addProductToShoppingList_95","forceAjax","/rayon.productgridorlist.productlist.thumbnailproduct.addproducttoshoppinglist/107461?t:ac=nouveautes"],["addProductToBasket_85","forceAjax","/rayon.productgridorlist.productlist.thumbnailproduct.addproducttobasket/107534?t:ac=nouveautes"],["addProductToShoppingList_96","forceAjax","/rayon.productgridorlist.productlist.thumbnailproduct.addproducttoshoppinglist/107534?t:ac=nouveautes"],["addProductToShoppingList_97","forceAjax","/rayon.productgridorlist.productlist.thumbnailproduct.addproducttoshoppinglist/83504?t:ac=nouveautes"],["addProductToBasket_86","forceAjax","/rayon.productgridorlist.productlist.thumbnailproduct.addproducttobasket/79103?t:ac=nouveautes"],["addProductToShoppingList_98","forceAjax","/rayon.productgridorlist.productlist.thumbnailproduct.addproducttoshoppinglist/79103?t:ac=nouveautes"],["addProductToBasket_87","forceAjax","/rayon.productgridorlist.productlist.thumbnailproduct.addproducttobasket/77912?t:ac=nouveautes"],["addProductToShoppingList_99","forceAjax","/rayon.productgridorlist.productlist.thumbnailproduct.addproducttoshoppinglist/77912?t:ac=nouveautes"],["addProductToBasket_88","forceAjax","/rayon.productgridorlist.productlist.thumbnailproduct.addproducttobasket/82018?t:ac=nouveautes"],["addProductToShoppingList_100","forceAjax","/rayon.productgridorlist.productlist.thumbnailproduct.addproducttoshoppinglist/82018?t:ac=nouveautes"],["addProductToBasket_89","forceAjax","/rayon.productgridorlist.productlist.thumbnailproduct.addproducttobasket/82208?t:ac=nouveautes"],["addProductToShoppingList_101","forceAjax","/rayon.productgridorlist.productlist.thumbnailproduct.addproducttoshoppinglist/82208?t:ac=nouveautes"],["addProductToBasket_90","forceAjax","/rayon.productgridorlist.productlist.thumbnailproduct.addproducttobasket/81583?t:ac=nouveautes"],["addProductToShoppingList_102","forceAjax","/rayon.productgridorlist.productlist.thumbnailproduct.addproducttoshoppinglist/81583?t:ac=nouveautes"],["addProductToBasket_91","forceAjax","/rayon.productgridorlist.productlist.thumbnailproduct.addproducttobasket/57394?t:ac=nouveautes"],["addProductToShoppingList_103","forceAjax","/rayon.productgridorlist.productlist.thumbnailproduct.addproducttoshoppinglist/57394?t:ac=nouveautes"],["addProductToBasket_92","forceAjax","/rayon.productgridorlist.productlist.thumbnailproduct.addproducttobasket/81221?t:ac=nouveautes"],["addProductToShoppingList_104","forceAjax","/rayon.productgridorlist.productlist.thumbnailproduct.addproducttoshoppinglist/81221?t:ac=nouveautes"],["addProductToShoppingList_105","forceAjax","/rayon.productgridorlist.productlist.thumbnailproduct.addproducttoshoppinglist/87526?t:ac=nouveautes"],["addProductToBasket_93","forceAjax","/rayon.productgridorlist.productlist.thumbnailproduct.addproducttobasket/89307?t:ac=nouveautes"],["addProductToShoppingList_106","forceAjax","/rayon.productgridorlist.productlist.thumbnailproduct.addproducttoshoppinglist/89307?t:ac=nouveautes"],["addProductToBasket_94","forceAjax","/rayon.productgridorlist.productlist.thumbnailproduct.addproducttobasket/81955?t:ac=nouveautes"],["addProductToShoppingList_107","forceAjax","/rayon.productgridorlist.productlist.thumbnailproduct.addproducttoshoppinglist/81955?t:ac=nouveautes"],["addProductToBasket_95","forceAjax","/rayon.productgridorlist.productlist.thumbnailproduct.addproducttobasket/22855?t:ac=nouveautes"],["addProductToShoppingList_108","forceAjax","/rayon.productgridorlist.productlist.thumbnailproduct.addproducttoshoppinglist/22855?t:ac=nouveautes"],["addProductToBasket_96","forceAjax","/rayon.productgridorlist.productlist.thumbnailproduct.addproducttobasket/75765?t:ac=nouveautes"],["addProductToShoppingList_109","forceAjax","/rayon.productgridorlist.productlist.thumbnailproduct.addproducttoshoppinglist/75765?t:ac=nouveautes"],["addProductToBasket_97","forceAjax","/rayon.productgridorlist.productlist.thumbnailproduct.addproducttobasket/103352?t:ac=nouveautes"],["addProductToShoppingList_110","forceAjax","/rayon.productgridorlist.productlist.thumbnailproduct.addproducttoshoppinglist/103352?t:ac=nouveautes"],["addProductToBasket_98","forceAjax","/rayon.productgridorlist.productlist.thumbnailproduct.addproducttobasket/73440?t:ac=nouveautes"],["addProductToShoppingList_111","forceAjax","/rayon.productgridorlist.productlist.thumbnailproduct.addproducttoshoppinglist/73440?t:ac=nouveautes"],["addProductToBasket_99","forceAjax","/rayon.productgridorlist.productlist.thumbnailproduct.addproducttobasket/78521?t:ac=nouveautes"],["addProductToShoppingList_112","forceAjax","/rayon.productgridorlist.productlist.thumbnailproduct.addproducttoshoppinglist/78521?t:ac=nouveautes"],["addProductToBasket_100","forceAjax","/rayon.productgridorlist.productlist.thumbnailproduct.addproducttobasket/31200?t:ac=nouveautes"],["addProductToShoppingList_113","forceAjax","/rayon.productgridorlist.productlist.thumbnailproduct.addproducttoshoppinglist/31200?t:ac=nouveautes"],["addProductToBasket_101","forceAjax","/rayon.productgridorlist.productlist.thumbnailproduct.addproducttobasket/75396?t:ac=nouveautes"],["addProductToShoppingList_114","forceAjax","/rayon.productgridorlist.productlist.thumbnailproduct.addproducttoshoppinglist/75396?t:ac=nouveautes"],["addProductToBasket_102","forceAjax","/rayon.productgridorlist.productlist.thumbnailproduct.addproducttobasket/98481?t:ac=nouveautes"],["addProductToShoppingList_115","forceAjax","/rayon.productgridorlist.productlist.thumbnailproduct.addproducttoshoppinglist/98481?t:ac=nouveautes"],["addProductToBasket_103","forceAjax","/rayon.productgridorlist.productlist.thumbnailproduct.addproducttobasket/1814?t:ac=nouveautes"],["addProductToShoppingList_116","forceAjax","/rayon.productgridorlist.productlist.thumbnailproduct.addproducttoshoppinglist/1814?t:ac=nouveautes"],["addProductToBasket_104","forceAjax","/rayon.productgridorlist.productlist.thumbnailproduct.addproducttobasket/74495?t:ac=nouveautes"],["addProductToShoppingList_117","forceAjax","/rayon.productgridorlist.productlist.thumbnailproduct.addproducttoshoppinglist/74495?t:ac=nouveautes"],["addProductToBasket_105","forceAjax","/rayon.productgridorlist.productlist.thumbnailproduct.addproducttobasket/78670?t:ac=nouveautes"],["addProductToShoppingList_118","forceAjax","/rayon.productgridorlist.productlist.thumbnailproduct.addproducttoshoppinglist/78670?t:ac=nouveautes"],["addProductToBasket_106","forceAjax","/rayon.productgridorlist.productlist.thumbnailproduct.addproducttobasket/77836?t:ac=nouveautes"],["addProductToShoppingList_119","forceAjax","/rayon.productgridorlist.productlist.thumbnailproduct.addproducttoshoppinglist/77836?t:ac=nouveautes"],["addProductToBasket_107","forceAjax","/rayon.productgridorlist.productlist.thumbnailproduct.addproducttobasket/74494?t:ac=nouveautes"],["addProductToShoppingList_120","forceAjax","/rayon.productgridorlist.productlist.thumbnailproduct.addproducttoshoppinglist/74494?t:ac=nouveautes"],["addProductToBasket_108","forceAjax","/rayon.productgridorlist.productlist.thumbnailproduct.addproducttobasket/94777?t:ac=nouveautes"],["addProductToShoppingList_121","forceAjax","/rayon.productgridorlist.productlist.thumbnailproduct.addproducttoshoppinglist/94777?t:ac=nouveautes"],["addProductToBasket_109","forceAjax","/rayon.productgridorlist.productlist.thumbnailproduct.addproducttobasket/78661?t:ac=nouveautes"],["addProductToShoppingList_122","forceAjax","/rayon.productgridorlist.productlist.thumbnailproduct.addproducttoshoppinglist/78661?t:ac=nouveautes"],["addProductToBasket_110","forceAjax","/rayon.productgridorlist.productlist.thumbnailproduct.addproducttobasket/103468?t:ac=nouveautes"],["addProductToShoppingList_123","forceAjax","/rayon.productgridorlist.productlist.thumbnailproduct.addproducttoshoppinglist/103468?t:ac=nouveautes"],["addProductToBasket_111","forceAjax","/rayon.productgridorlist.productlist.thumbnailproduct.addproducttobasket/103469?t:ac=nouveautes"],["addProductToShoppingList_124","forceAjax","/rayon.productgridorlist.productlist.thumbnailproduct.addproducttoshoppinglist/103469?t:ac=nouveautes"],["addProductToBasket_112","forceAjax","/rayon.productgridorlist.productlist.thumbnailproduct.addproducttobasket/103470?t:ac=nouveautes"],["addProductToShoppingList_125","forceAjax","/rayon.productgridorlist.productlist.thumbnailproduct.addproducttoshoppinglist/103470?t:ac=nouveautes"],["addProductToBasket_113","forceAjax","/rayon.productgridorlist.productlist.thumbnailproduct.addproducttobasket/78967?t:ac=nouveautes"],["addProductToShoppingList_126","forceAjax","/rayon.productgridorlist.productlist.thumbnailproduct.addproducttoshoppinglist/78967?t:ac=nouveautes"],["addProductToBasket_114","forceAjax","/rayon.productgridorlist.productlist.thumbnailproduct.addproducttobasket/73940?t:ac=nouveautes"],["addProductToShoppingList_127","forceAjax","/rayon.productgridorlist.productlist.thumbnailproduct.addproducttoshoppinglist/73940?t:ac=nouveautes"],["addProductToBasket_115","forceAjax","/rayon.productgridorlist.productlist.thumbnailproduct.addproducttobasket/98460?t:ac=nouveautes"],["addProductToShoppingList_128","forceAjax","/rayon.productgridorlist.productlist.thumbnailproduct.addproducttoshoppinglist/98460?t:ac=nouveautes"],["addProductToShoppingList_129","forceAjax","/rayon.productgridorlist.productlist.thumbnailproduct.addproducttoshoppinglist/75288?t:ac=nouveautes"],["addProductToBasket_116","forceAjax","/rayon.productgridorlist.productlist.thumbnailproduct.addproducttobasket/70435?t:ac=nouveautes"],["addProductToShoppingList_130","forceAjax","/rayon.productgridorlist.productlist.thumbnailproduct.addproducttoshoppinglist/70435?t:ac=nouveautes"],["addProductToBasket_117","forceAjax","/rayon.productgridorlist.productlist.thumbnailproduct.addproducttobasket/109404?t:ac=nouveautes"],["addProductToShoppingList_131","forceAjax","/rayon.productgridorlist.productlist.thumbnailproduct.addproducttoshoppinglist/109404?t:ac=nouveautes"],["addProductToBasket_118","forceAjax","/rayon.productgridorlist.productlist.thumbnailproduct.addproducttobasket/110858?t:ac=nouveautes"],["addProductToShoppingList_132","forceAjax","/rayon.productgridorlist.productlist.thumbnailproduct.addproducttoshoppinglist/110858?t:ac=nouveautes"],["addProductToShoppingList_133","forceAjax","/rayon.productgridorlist.productlist.thumbnailproduct.addproducttoshoppinglist/110582?t:ac=nouveautes"],["addProductToShoppingList_134","forceAjax","/rayon.productgridorlist.productlist.thumbnailproduct.addproducttoshoppinglist/99145?t:ac=nouveautes"],["addProductToShoppingList_135","forceAjax","/rayon.productgridorlist.productlist.thumbnailproduct.addproducttoshoppinglist/102312?t:ac=nouveautes"],["addProductToBasket_119","forceAjax","/rayon.productgridorlist.productlist.thumbnailproduct.addproducttobasket/98842?t:ac=nouveautes"],["addProductToShoppingList_136","forceAjax","/rayon.productgridorlist.productlist.thumbnailproduct.addproducttoshoppinglist/98842?t:ac=nouveautes"],["addProductToBasket_120","forceAjax","/rayon.productgridorlist.productlist.thumbnailproduct.addproducttobasket/105227?t:ac=nouveautes"],["addProductToShoppingList_137","forceAjax","/rayon.productgridorlist.productlist.thumbnailproduct.addproducttoshoppinglist/105227?t:ac=nouveautes"],["addProductToBasket_121","forceAjax","/rayon.productgridorlist.productlist.thumbnailproduct.addproducttobasket/99732?t:ac=nouveautes"],["addProductToShoppingList_138","forceAjax","/rayon.productgridorlist.productlist.thumbnailproduct.addproducttoshoppinglist/99732?t:ac=nouveautes"],["addProductToBasket_122","forceAjax","/rayon.productgridorlist.productlist.thumbnailproduct.addproducttobasket/40297?t:ac=nouveautes"],["addProductToShoppingList_139","forceAjax","/rayon.productgridorlist.productlist.thumbnailproduct.addproducttoshoppinglist/40297?t:ac=nouveautes"],["addProductToBasket_123","forceAjax","/rayon.productgridorlist.productlist.thumbnailproduct.addproducttobasket/70264?t:ac=nouveautes"],["addProductToShoppingList_140","forceAjax","/rayon.productgridorlist.productlist.thumbnailproduct.addproducttoshoppinglist/70264?t:ac=nouveautes"],["addProductToBasket_124","forceAjax","/rayon.productgridorlist.productlist.thumbnailproduct.addproducttobasket/104737?t:ac=nouveautes"],["addProductToShoppingList_141","forceAjax","/rayon.productgridorlist.productlist.thumbnailproduct.addproducttoshoppinglist/104737?t:ac=nouveautes"],["addProductToBasket_125","forceAjax","/rayon.productgridorlist.productlist.thumbnailproduct.addproducttobasket/105615?t:ac=nouveautes"],["addProductToShoppingList_142","forceAjax","/rayon.productgridorlist.productlist.thumbnailproduct.addproducttoshoppinglist/105615?t:ac=nouveautes"],["addProductToBasket_126","forceAjax","/rayon.productgridorlist.productlist.thumbnailproduct.addproducttobasket/106304?t:ac=nouveautes"],["addProductToShoppingList_143","forceAjax","/rayon.productgridorlist.productlist.thumbnailproduct.addproducttoshoppinglist/106304?t:ac=nouveautes"],["addProductToShoppingList_144","forceAjax","/rayon.productgridorlist.productlist.thumbnailproduct.addproducttoshoppinglist/105754?t:ac=nouveautes"],["addProductToBasket_127","forceAjax","/rayon.productgridorlist.productlist.thumbnailproduct.addproducttobasket/76490?t:ac=nouveautes"],["addProductToShoppingList_145","forceAjax","/rayon.productgridorlist.productlist.thumbnailproduct.addproducttoshoppinglist/76490?t:ac=nouveautes"],["addProductToBasket_128","forceAjax","/rayon.productgridorlist.productlist.thumbnailproduct.addproducttobasket/72309?t:ac=nouveautes"],["addProductToShoppingList_146","forceAjax","/rayon.productgridorlist.productlist.thumbnailproduct.addproducttoshoppinglist/72309?t:ac=nouveautes"],["suggestionPopup","forceAjax","/rayon.suggestionpopup?t:ac=nouveautes"],["eventlink","forceAjax","/rayon.customerinfos:showsigninpopup?t:ac=nouveautes"],["registerPopup","forceAjax","/rayon.customerinfos.registerpopup?t:ac=nouveautes"],["popupAuth","forceAjax","/rayon.customerinfos.popupauth?t:ac=nouveautes"],["showSlotTab","forceAjax","/rayon.customerinfos.slotinfo.showslottab?t:ac=nouveautes"],["basket","forceAjax","/rayon.customerinfos.basket?t:ac=nouveautes"],["lists","forceAjax","/rayon.customerinfos.lists?t:ac=nouveautes"],["topBasket","forceAjax","/rayon.customerinfos.topbasket?t:ac=nouveautes"],["validateBasket","forceAjax","/rayon.customerinfos.minibasket.validatebasket?t:ac=nouveautes"],["closeButtonHk","forceAjax","/rayon.pagetemplate.fancycloseprovidergabarit.closebuttonhk?t:ac=nouveautes"]],"zone":[{"update":"show","element":"dynamicCssArea"},{"update":"show","element":"headerListZone"},{"update":"show","element":"productDisplayTypeZone"},{"update":"show","element":"labelZone"},{"update":"show","element":"moreProductListZone"},{"update":"show","element":"productListZone"},{"update":"show","element":"slotInfoZone"},{"update":"show","element":"accountSummaryTabContentZone"},{"update":"show","element":"completeMiniBasketZone"},{"update":"show","element":"miniBasket"},{"update":"show","element":"popupZone"},{"update":"show","element":"secondPopupZone"},{"update":"show","element":"closePopupZone"},"forceAjax"]});
});
</script></body></html>