<!DOCTYPE html PUBLIC "-//W3C//DTD XHTML 1.0 Strict//EN" "http://www.w3.org/TR/xhtml1/DTD/xhtml1-strict.dtd"><html xmlns="http://www.w3.org/1999/xhtml"><head><meta content="text/html; charset=utf-8" http-equiv="content-type"></meta><title>Vente Laits en ligne - Auchandirect.fr</title><!-- correction d'un bug de compatibilité tapestry/IE9 --><meta content="IE=EmulateIE8" http-equiv="X-UA-Compatible"></meta><meta content="Faites vos courses en ligne sur Auchandirect.fr! Laits en livraison 24h dans les régions de Paris, Lyon, Marseille, Toulouse et Lille." name="description"></meta><meta content="index, follow" name="robots"></meta><meta content="0" http-equiv="expires"></meta><meta content="no-cache" http-equiv="pragma"></meta><meta content="no-store, no-cache, must-revalidate" http-equiv="cache-control"></meta><link href="http://www.auchandirect.fr/static/css/styles.css" rel="stylesheet" type="text/css"></link><link href="http://www.auchandirect.fr/static/css/style-new.css" rel="stylesheet" type="text/css"></link><link href="http://www.auchandirect.fr/static/css/rayon.css" rel="stylesheet" type="text/css"></link><div class="t-zone" id="dynamicCssArea"></div><!--[if IE]><link media="all" type="text/css" href="/static/css/style-ie.css" rel="stylesheet"></link><![endif]--><link media="screen" href="http://www.auchandirect.fr/static/fancybox/jquery.fancybox-1.3.4.css" type="text/css" rel="stylesheet"></link><script src="http://www.auchandirect.fr/assets/scriptaculous/5.1.0.5/prototype.js" type="text/javascript"></script><script src="http://www.auchandirect.fr/assets/scriptaculous/5.1.0.5/scriptaculous.js" type="text/javascript"></script><script src="http://www.auchandirect.fr/assets/scriptaculous/5.1.0.5/effects.js" type="text/javascript"></script><script src="http://www.auchandirect.fr/assets/tapestry/5.1.0.5/tapestry.js" type="text/javascript"></script><script src="http://www.auchandirect.fr/assets/tapestry/5.1.0.5/tapestry-messages.js" type="text/javascript"></script><script src="http://www.auchandirect.fr/assets/ctx/296dafb4649acaf9/static/scripts/tapestry-patch.js" type="text/javascript"></script><script src="http://www.auchandirect.fr/assets/ctx/296dafb4649acaf9/static/scripts/ZoneUpdater.js" type="text/javascript"></script><script language="javascript" type="text/javascript">
// Déclaration en amont du système de binding d'event
function bindEvent(el, eventName, eventHandler) {
if (el.addEventListener){
el.addEventListener(eventName, eventHandler, false);
} else if (el.attachEvent){
el.attachEvent('on'+eventName, eventHandler);
}
}
</script><script src="http://www.auchandirect.fr/assets/ctx/296dafb4649acaf9/static/scripts/tapestry.piefix.js" type="text/javascript"></script><script type="text/javascript" language="javascript">
bindEvent(window,"load",function(){
var j = jQuery.noConflict();
j(function() {
j("#foo2").carouFredSel({
circular: true,
infinite: false,
auto : true,
scroll : {
items : "page"
},
prev : {
button : "#foo2_prev",
key : "left"
},
next : {
button : "#foo2_next",
key : "right"
},
pagination : "#foo2_pag"
});
if($(".caroufredsel_wrapper")!=null)
$(".caroufredsel_wrapper").css({
'height': '246px'
});
if($(".page_famille_carrousel")!=null)
$(".page_famille_carrousel").css({
'overflow': 'hidden'
});
});
})
</script></head><body style="background : url('https://www.auchandirect.fr/static/MOISANNIV1.jpg') no-repeat;
background-position : top center;
"><div class="fiche-produit" id="page"><div id="tetiere"><div id="logo"><!-- HEADER_LOGO --><div id="logo">
<a href="../../../../index.html" title="accueil"><img src="http://www.auchandirect.fr/static/auchan_logo.jpg" alt="Accueil" width="365" height="105" /></a>
</div>
</div><div id="pub"><?xml version="1.0" encoding="UTF-8"?><a  href="../../../../commander/identification.pagetemplate.fancycloseprovidergabarit.closebuttonhk.html"  title="Inscrivez-vous et bénéficiez de la 1ere livraison offerte avec le code BIENVENUE dès 120€ d'achats"><img src="http://www.auchandirect.fr/img/display/000/000/530/5301.jpg" /></a>
</div><!-- HEADER_HAUT_DROIT --><div id="newsletter"><h3>Newsletter </h3><a id="newsLetterPopup" onclick="javascript:Tapestry.waitForPage(event);" href="http://www.auchandirect.fr/rayon.pagetemplate.header.headertop.newsletterpopup?t:ac=605">Inscrivez-vous vite !</a></div></div><div id="menu-top"><div id="menu-promos"><ul class="menu menu-horizontal"><li><a title="promos" class="menu-top-promos" href="../../../../rayon.pagetemplate.fancycloseprovidergabarit.closebuttonhk%3Ft:ac=promos.html">Promotions</a></li><li><a title="nouveautes" class="menu-top-nouveautes" href="../../../../nouveaut%25C3%25A9s/id0/nouveautes.html">Nouveautés</a></li></ul></div><div id="bloc-recherche"><form onsubmit="javascript:Tapestry.waitForPage(event);" action="http://www.auchandirect.fr/rayon.pagetemplate.header.headermenutop.searchform" method="post" id="searchForm" name="searchForm"><div class="t-invisible"><input value="605" name="t:ac" type="hidden"></input><input value="H4sIAAAAAAAAAJ2QoU4DQRBAp03A1JHwB2C3CGrAUAGqIaQXPmBub7jbZndn2Z2D1mD4DwyW8BMVOP6hhmCQoBBce3UkJEVNMsnMe3lPH7B1ewBqjDP2RwFLEnLBopCqCAuK6+HI18JBJcKoqxRhwLFUGFBXpAQDJYmzgdIcyZpc5ZhIDfNmiVrODNliLyOpw/7lvLfYffnuQmcEPc1eIttzdCSwM5rgDfYt+rKfSTS+PJ4Gge2W+C/H4aaOF5E1pZTVuTMpGfbz5+Lw6uvhtQswDRs5LF9I43Dyp4NmF9iTl6RWUPmt8LYYf96fPr63ychSg5Blsmu4g06baHX6A/6kTBjLAQAA" name="t:formdata" type="hidden"></input></div><div><input title="recherche" class="texte-recherche" value="Rechercher" id="search" name="search" type="text"></input><img id="search-icon" class="t-error-icon t-invisible" alt="" src="http://www.auchandirect.fr/assets/tapestry/5.1.0.5/spacer.gif"/><input value="OK" class="recherche-submit" name="submit" type="submit"></input></div></form></div></div><div id="menu" class="float-container"><ul id="menu-principal" class="menu menu-horizontal"><li><a class="first" title="RR1002" href="605.html#">Marché</a><div class="hovered_big_menu" id="4042"><div class="menu-panel"><div class="menu-listes-container float-container"><div class="menu-listes"><ul class="menu menu-horizontal menu_left"><li><h3><a title="RR2007" rel="page-461" href="../../../../sousfamille.pagetemplate.fancycloseprovidergabarit.closebuttonhk%3Ft:ac=404%252F461.html">Fruits</a></h3><ul class="menu"><li><a href="../../../../march%25C3%25A9/fruits/jus-de-fruits-frais/id0/100371.html">Jus de Fruits frais</a></li><li><a href="../../../../march%25C3%25A9/fruits/fruits-de-saison/id0/592.html">Fruits de saison </a></li><li><a href="../../../../march%25C3%25A9/fruits/agrumes/id0/444663.html">Agrumes</a></li><li><a href="../../../../march%25C3%25A9/fruits/pommes,-poires/id0/593.html">Pommes, Poires</a></li><li><a href="../../../../march%25C3%25A9/fruits/bananes,-fruits-exotiques/id0/589.html">Bananes, Fruits exotiques</a></li><li><a href="../../../../march%25C3%25A9/fruits/fruits-%25C3%25A0-noyau,-raisins/id0/596.html">Fruits à Noyau, Raisins</a></li><li><a href="../../../../march%25C3%25A9/fruits/fruits-rouges/id0/590.html">Fruits rouges</a></li><li><a href="../../../../march%25C3%25A9/fruits/melons,-past%25C3%25A8ques/id0/594.html">Melons, Pastèques</a></li><li><a href="../../../../march%25C3%25A9/fruits/fruits-secs-et-pr%25C3%25AAts-%25C3%25A0-l'emploi/id0/595.html">Fruits Secs et Prêts à l'Emploi</a></li></ul></li><li><h3><a title="RR2006" rel="page-463" href="../../../../id3/404/463.html">Légumes</a></h3><ul class="menu"><li><a href="../../../../march%25C3%25A9/l%25C3%25A9gumes/l%25C3%25A9gumes-de-saison/id0/431975.html">Légumes de saison</a></li><li><a href="../../../../march%25C3%25A9/l%25C3%25A9gumes/carottes,-poireaux,-navets,-potirons,-choux/id0/580.html">Carottes, Poireaux, Navets, Potirons, Choux</a></li><li><a href="../../../../march%25C3%25A9/l%25C3%25A9gumes/pommes-de-terre/id0/584.html">Pommes de Terre</a></li><li><a href="../../../../march%25C3%25A9/l%25C3%25A9gumes/salades,-endives,-herbes-aromatiques/id0/585.html">Salades, Endives, Herbes aromatiques</a></li><li><a href="../../../../march%25C3%25A9/l%25C3%25A9gumes/avocats,-concombres,-radis,-celeris/id0/581.html">Avocats, Concombres, Radis, Celeris</a></li><li><a href="../../../../march%25C3%25A9/l%25C3%25A9gumes/tomates/id0/82017.html">Tomates</a></li><li><a href="../../../../march%25C3%25A9/l%25C3%25A9gumes/aubergines,-courgettes,-poivrons/id0/583.html">Aubergines, Courgettes, Poivrons</a></li><li><a href="../../../../march%25C3%25A9/l%25C3%25A9gumes/l%25C3%25A9gumes-verts,-asperges,-champignons/id0/579.html">Légumes verts, Asperges, Champignons</a></li><li><a href="../../../../march%25C3%25A9/l%25C3%25A9gumes/ails,-oignons,-echalotes/id0/587.html">Ails, Oignons, Echalotes</a></li><li><a href="../../../../march%25C3%25A9/l%25C3%25A9gumes/soupes-fra%25C3%25AEches,-pr%25C3%25AAts-%25C3%25A0-l'emploi,-l%25C3%25A9gumes-secs/id0/588.html">Soupes Fraîches, Prêts à l'emploi, Légumes secs</a></li></ul></li><li><h3><a title="RR2009" rel="page-460" href="../../../../id3/404/460.html">Boucherie - Volaille</a></h3><ul class="menu"><li><a href="../../../../march%25C3%25A9/boucherie---volaille/les-pi%25C3%25A8ces-du-boucher/id0/431977.html">Les pièces du Boucher</a></li><li><a href="../../../../march%25C3%25A9/boucherie---volaille/b%25C5%2593uf/id0/601.html">Bœuf</a></li><li><a href="../../../../march%25C3%25A9/boucherie---volaille/porc,-veau,-agneau/id0/600.html">Porc, Veau, Agneau</a></li><li><a href="../../../../march%25C3%25A9/boucherie---volaille/poulet,-dinde,-autres-volailles/id0/603.html">Poulet, Dinde, Autres Volailles</a></li><li><a href="../../../../march%25C3%25A9/boucherie---volaille/saucisse,-viandes-cuisin%25C3%25A9es,-snack,-sauce/id0/602.html">Saucisse, Viandes Cuisinées, Snack, Sauce</a></li><li><a href="../../../../march%25C3%25A9/boucherie---volaille/steacks-hach%25C3%25A9s/id0/717040.html">Steacks Hachés</a></li></ul></li><li><h3><a title="RR2008" rel="page-462" href="../../../../id3/404/462.html">Produits de la mer</a></h3><ul class="menu"><li><a href="../../../../march%25C3%25A9/produits-de-la-mer/poissons-frais,-fruits-de-mer,-poissons-pan%25C3%25A9s/id0/597.html">Poissons frais, Fruits de Mer, Poissons Panés</a></li><li><a href="../../../../march%25C3%25A9/produits-de-la-mer/poissons-fum%25C3%25A9s/id0/82012.html">Poissons Fumés</a></li><li><a href="../../../../march%25C3%25A9/produits-de-la-mer/produits-ap%25C3%25A9ritifs/id0/100366.html">Produits Apéritifs</a></li><li><a href="../../../../march%25C3%25A9/produits-de-la-mer/surimis/id0/100363.html">Surimis</a></li></ul></li><li><h3><a title="RR3360" rel="page-100376" href="../../../../id3/404/100376.html">Pains - Viennoiseries</a></h3><ul class="menu"><li><a href="../../../../march%25C3%25A9/pains---viennoiseries/pains,-pains-de-mie/id0/100377.html">Pains, Pains de mie</a></li><li><a href="../../../../march%25C3%25A9/pains---viennoiseries/pains-%25C3%25A0-garnir/id0/431981.html">Pains à garnir</a></li><li><a href="../../../../march%25C3%25A9/pains---viennoiseries/brioches-et-viennoiseries/id0/100381.html">Brioches et Viennoiseries</a></li></ul></li><li><h3><a title="Le Marché Bio" rel="page-653715" href="../../../../id3/404/653715.html">Le Marché Bio</a></h3><ul class="menu"><li><a href="../../../../march%25C3%25A9/le-march%25C3%25A9-bio/fruits,-l%25C3%25A9gumes/id0/653716.html">Fruits, Légumes</a></li><li><a href="../../../../march%25C3%25A9/le-march%25C3%25A9-bio/viandes,-volailles,-poissons/id0/653717.html">Viandes, Volailles, Poissons</a></li></ul></li></ul><?xml version="1.0" encoding="UTF-8"?><a href="../../../../march%25C3%25A9/le-march%25C3%25A9-bio/fruits,-l%25C3%25A9gumes/id0/653716.html"><img src="http://www.auchandirect.fr/static/S1213MARCHES.jpg" alt="Promo sur les bananes Bio" title="Promo sur les bananes Bio" /></a>    
<div class="clear"></div></div><div class="clear"></div></div></div></div></li><li><a title="RR1003" href="605.html#">Produits laitiers<br/>Œufs</a><div class="hovered_big_menu" id="4082"><div class="menu-panel"><div class="menu-listes-container float-container"><div class="menu-listes"><ul class="menu menu-horizontal menu_left"><li><h3><a title="RR2010" rel="page-459" href="../../../../id3/408/459.html">Crémerie, Oeufs</a></h3><ul class="menu"><li><a href="605.html">Laits</a></li><li><a href="../../cr%25C3%25A8mes-fra%25C3%25AEches,-sauces/id0/608.html">Crèmes Fraîches, Sauces </a></li><li><a href="../../beurres/id0/604.html">Beurres</a></li><li><a href="../../margarines/id0/607.html">Margarines</a></li><li><a href="../../oeufs/id0/606.html">Oeufs</a></li></ul></li><li><h3><a title="RR2011" rel="page-466" href="../../../../id3/408/466.html">Fromages</a></h3><ul class="menu"><li><a href="../../../fromages/emmental,-comt%25C3%25A9,-parmesan,-rap%25C3%25A9/id0/431987.html">Emmental, Comté, Parmesan, Rapé</a></li><li><a href="../../../fromages/camemberts,-coulommiers,-bries/id0/611.html">Camemberts,  Coulommiers,  Bries</a></li><li><a href="../../../fromages/ch%25C3%25A8vres,-brebis,-bleus,-roqueforts/id0/610.html">Chèvres,  Brebis, Bleus, Roqueforts</a></li><li><a href="../../../fromages/terroir,-sp%25C3%25A9cialit%25C3%25A9s,-sp%25C3%25A9cialit%25C3%25A9s-etrang%25C3%25A8res/id0/612.html">Terroir, Spécialités,  Spécialités Etrangères</a></li><li><a href="../../../fromages/a-cuisiner,-a-tartiner,-a-fondre/id0/614.html">A cuisiner, A tartiner, A fondre</a></li><li><a href="../../../fromages/ap%25C3%25A9ritifs,-salades,-mozzarellas/id0/615.html">Apéritifs,  Salades,  Mozzarellas</a></li><li><a href="../../../fromages/fromages-all%25C3%25A9g%25C3%25A9s/id0/618.html">Fromages Allégés</a></li><li><a href="../../../fromages/enfants/id0/617.html">Enfants</a></li></ul></li><li><h3><a title="RR2012" rel="page-464" href="../../../../id3/408/464.html">Yaourts, Desserts</a></h3><ul class="menu"><li><a href="../../../yaourts,-desserts/yaourts-natures,-fromages-blancs/id0/619.html">Yaourts natures, Fromages blancs</a></li><li><a href="../../../yaourts,-desserts/yaourts-aux-fruits,-aromatis%25C3%25A9s/id0/620.html">Yaourts aux fruits,  Aromatisés</a></li><li><a href="../../../yaourts,-desserts/yaourts-enfants,-a-boire/id0/621.html">Yaourts enfants, A boire</a></li><li><a href="../../../yaourts,-desserts/desserts-gourmands/id0/622.html">Desserts gourmands</a></li><li><a href="../../../yaourts,-desserts/all%25C3%25A9g%25C3%25A9s,-bien-%25C3%25AAtre/id0/623.html">Allégés,  Bien Être</a></li><li><a href="../../../yaourts,-desserts/compotes/id0/431969.html">Compotes</a></li></ul></li><li><h3><a title="Produits laitiers BIO" rel="page-685063" href="../../../../id3/408/685063.html">Produits laitiers BIO</a></h3><ul class="menu"><li><a href="../../../produits-laitiers-bio/cremerie,-oeufs/id0/685064.html">Cremerie, Oeufs</a></li><li><a href="../../../produits-laitiers-bio/fromages/id0/685065.html">Fromages</a></li><li><a href="../../../produits-laitiers-bio/yaourts,-desserts/id0/685066.html">Yaourts, Desserts</a></li></ul></li></ul><?xml version="1.0" encoding="UTF-8"?><a href="../../../fromages/ap%25C3%25A9ritifs,-salades,-mozzarellas/id0/615.html"><img src="http://www.auchandirect.fr/static/S1313laitier.jpg" alt="Promo Apericube" title="Promo Apericube" width="150" height="275" /></a>    
<div class="clear"></div></div><div class="clear"></div></div></div></div></li><li><a title="RR1004" href="605.html#">Charcuterie<br/>Traiteur</a><div class="hovered_big_menu" id="4072"><div class="menu-panel"><div class="menu-listes-container float-container"><div class="menu-listes"><ul class="menu menu-horizontal menu_left"><li><h3><a title="RR2013" rel="page-468" href="../../../../id3/407/468.html">Charcuterie</a></h3><ul class="menu"><li><a href="../../../../charcuterie-traiteur/charcuterie/jambons/id0/624.html">Jambons</a></li><li><a href="../../../../charcuterie-traiteur/charcuterie/lardons,-bacon,-aides-culinaires/id0/626.html">Lardons, Bacon, Aides culinaires</a></li><li><a href="../../../../charcuterie-traiteur/charcuterie/saucisses,-boudins/id0/629.html">Saucisses, Boudins</a></li><li><a href="../../../../charcuterie-traiteur/charcuterie/saucissons,-p%25C3%25A2t%25C3%25A9s,-rillettes/id0/625.html">Saucissons, Pâtés, Rillettes</a></li></ul></li><li><h3><a title="RR2014" rel="page-465" href="../../../../id3/407/465.html">Traiteur</a></h3><ul class="menu"><li><a href="../../../../charcuterie-traiteur/traiteur/entr%25C3%25A9es,-ap%25C3%25A9ritifs/id0/630.html">Entrées, Apéritifs</a></li><li><a href="../../../../charcuterie-traiteur/traiteur/salades-compos%25C3%25A9es,-crudit%25C3%25A9s,-soupes/id0/627.html">Salades Composées, Crudités, Soupes</a></li><li><a href="../../../../charcuterie-traiteur/traiteur/burgers,-croques/id0/632.html">Burgers, Croques</a></li><li><a href="../../../../charcuterie-traiteur/traiteur/cordons-bleus,-nuggets,-grignottes/id0/636.html">Cordons Bleus, Nuggets, Grignottes</a></li><li><a href="../../../../charcuterie-traiteur/traiteur/pizzas,-tartes,-quiches/id0/631.html">Pizzas, Tartes, Quiches</a></li><li><a href="../../../../charcuterie-traiteur/traiteur/p%25C3%25A2tes-fra%25C3%25AEches,-quenelles/id0/634.html">Pâtes Fraîches, Quenelles</a></li><li><a href="../../../../charcuterie-traiteur/traiteur/plats-cuisin%25C3%25A9s/id0/628.html">Plats cuisinés</a></li><li><a href="../../../../charcuterie-traiteur/traiteur/p%25C3%25A2tes-%25C3%25A0-tarte-et-%25C3%25A0-g%25C3%25A2teaux/id0/633.html">Pâtes à Tarte et à Gâteaux</a></li></ul></li><li><h3><a title="RR2016" rel="page-467" href="../../../../id3/407/467.html">Traiteur de la Mer</a></h3><ul class="menu"><li><a href="../../../../charcuterie-traiteur/traiteur-de-la-mer/poissons-fum%25C3%25A9s/id0/639.html">Poissons Fumés</a></li><li><a href="../../../../charcuterie-traiteur/traiteur-de-la-mer/surimis,-poissons-pan%25C3%25A9s/id0/637.html">Surimis, Poissons panés</a></li><li><a href="../../../../charcuterie-traiteur/traiteur-de-la-mer/produits-ap%25C3%25A9ritifs/id0/640.html">Produits Apéritifs</a></li></ul></li><li><h3><a title="Charcuterie, Traiteur Bio" rel="page-687256" href="../../../../id3/407/687256.html">Charcuterie, Traiteur Bio</a></h3><ul class="menu"><li><a href="../../../../charcuterie-traiteur/charcuterie,-traiteur-bio/charcuterie/id0/687259.html">Charcuterie</a></li><li><a href="../../../../charcuterie-traiteur/charcuterie,-traiteur-bio/traiteur/id0/687261.html">Traiteur</a></li></ul></li></ul><?xml version="1.0" encoding="UTF-8"?><a href="http://www.auchandirect.fr/rayon/832613"><img src="http://www.auchandirect.fr/static/S1313charcut.JPG" alt="Pr&eacute;parez votre ap&eacute;ritif" title="Pr&eacute;parez votre ap&eacute;ritif" width="150" height="275" /></a>  
<div class="clear"></div></div><div class="clear"></div></div></div></div></li><li><a title="RR1005" href="605.html#">Surgelés</a><div class="hovered_big_menu" id="4062"><div class="menu-panel"><div class="menu-listes-container float-container"><div class="menu-listes"><ul class="menu menu-horizontal menu_left"><li><h3><a title="RR2017" rel="page-472" href="../../../../id3/406/472.html">Apéritifs, Entrées, Snacks</a></h3><ul class="menu"><li><a href="../../../../surgel%25C3%25A9s/ap%25C3%25A9ritifs,-entr%25C3%25A9es,-snacks/ap%25C3%25A9ritifs,-petits-fours/id0/431976.html">Apéritifs, Petits fours</a></li><li><a href="../../../../surgel%25C3%25A9s/ap%25C3%25A9ritifs,-entr%25C3%25A9es,-snacks/cr%25C3%25AApes,-feuillet%25C3%25A9s/id0/431978.html">Crêpes, Feuilletés</a></li><li><a href="../../../../surgel%25C3%25A9s/ap%25C3%25A9ritifs,-entr%25C3%25A9es,-snacks/bun's,-burgers/id0/431979.html">Bun's, Burgers</a></li><li><a href="../../../../surgel%25C3%25A9s/ap%25C3%25A9ritifs,-entr%25C3%25A9es,-snacks/coquilles,-escargots/id0/431980.html">Coquilles, Escargots</a></li></ul></li><li><h3><a title="Pizzas, Tartes, Plats cuisinés" rel="page-431964" href="../../../../id3/406/431964.html">Pizzas, Tartes, Plats cuisinés</a></h3><ul class="menu"><li><a href="../../../../surgel%25C3%25A9s/pizzas,-tartes,-plats-cuisin%25C3%25A9s/pizzas/id0/648.html">Pizzas</a></li><li><a href="../../../../surgel%25C3%25A9s/pizzas,-tartes,-plats-cuisin%25C3%25A9s/tartes,-quiches/id0/431973.html">Tartes, Quiches</a></li><li><a href="../../../../surgel%25C3%25A9s/pizzas,-tartes,-plats-cuisin%25C3%25A9s/plats-cuisin%25C3%25A9s/id0/646.html">Plats Cuisinés</a></li></ul></li><li><h3><a title="RR2019" rel="page-470" href="../../../../id3/406/470.html">Viandes, Produits de la Mer</a></h3><ul class="menu"><li><a href="../../../../surgel%25C3%25A9s/viandes,-produits-de-la-mer/viandes/id0/652.html">Viandes</a></li><li><a href="../../../../surgel%25C3%25A9s/viandes,-produits-de-la-mer/steacks-haches/id0/788712.html">Steacks haches</a></li><li><a href="../../../../surgel%25C3%25A9s/viandes,-produits-de-la-mer/produits-de-la-mer/id0/654.html">Produits de la Mer</a></li></ul></li><li><h3><a title="RR2018" rel="page-469" href="../../../../id3/406/469.html">Légumes, Pommes de Terre, Herbes</a></h3><ul class="menu"><li><a href="../../../../surgel%25C3%25A9s/l%25C3%25A9gumes,-pommes-de-terre,-herbes/frites,-pommes-de-terre/id0/647.html">Frites, Pommes de Terre</a></li><li><a href="../../../../surgel%25C3%25A9s/l%25C3%25A9gumes,-pommes-de-terre,-herbes/l%25C3%25A9gumes/id0/650.html">Légumes</a></li><li><a href="../../../../surgel%25C3%25A9s/l%25C3%25A9gumes,-pommes-de-terre,-herbes/herbes-aromatiques-et-sauces/id0/651.html">Herbes Aromatiques et sauces</a></li></ul></li><li><h3><a title="RR2020" rel="page-471" href="../../../../id3/406/471.html">Glaces, Patisseries, Viennoiseries</a></h3><ul class="menu"><li><a href="../../../../surgel%25C3%25A9s/glaces,-patisseries,-viennoiseries/glaces-individuelles/id0/657.html">Glaces Individuelles</a></li><li><a href="../../../../surgel%25C3%25A9s/glaces,-patisseries,-viennoiseries/glaces-%25C3%25A0-partager/id0/653.html">Glaces à Partager</a></li><li><a href="../../../../surgel%25C3%25A9s/glaces,-patisseries,-viennoiseries/p%25C3%25A2tisseries,-viennoiseries/id0/656.html">Pâtisseries, Viennoiseries</a></li><li><a href="../../../../surgel%25C3%25A9s/glaces,-patisseries,-viennoiseries/accompagnements,-fruits/id0/655.html">Accompagnements, Fruits</a></li></ul></li></ul><?xml version="1.0" encoding="UTF-8"?><a href="http://www.auchandirect.fr/rayon/37716"><img src="http://www.auchandirect.fr/static/S1313surgeles.jpg" alt="Promo pour votre repas de Paques" title="Promo pour votre repas de Paques" width="150" height="275" /></a>    
<div class="clear"></div></div><div class="clear"></div></div></div></div></li><li><a title="RR1006" href="605.html#">Epicerie<br/>Salée</a><div class="hovered_big_menu" id="4132"><div class="menu-panel"><div class="menu-listes-container float-container"><div class="menu-listes"><ul class="menu menu-horizontal menu_left"><li><h3><a title="RR2025" rel="page-479" href="../../../../id3/413/479.html">Conserves, Plats Cuisinés</a></h3><ul class="menu"><li><a href="../../../../epicerie-sal%25C3%25A9e/conserves,-plats-cuisin%25C3%25A9s/conserves-de-l%25C3%25A9gumes/id0/674.html">Conserves de Légumes</a></li><li><a href="../../../../epicerie-sal%25C3%25A9e/conserves,-plats-cuisin%25C3%25A9s/conserves-de-poissons/id0/676.html">Conserves de Poissons</a></li><li><a href="../../../../epicerie-sal%25C3%25A9e/conserves,-plats-cuisin%25C3%25A9s/plats-cuisin%25C3%25A9s/id0/677.html">Plats Cuisinés</a></li><li><a href="../../../../epicerie-sal%25C3%25A9e/conserves,-plats-cuisin%25C3%25A9s/terrines,-pat%25C3%25A9s/id0/679.html">Terrines, Patés</a></li></ul></li><li><h3><a title="RR2023" rel="page-480" href="../../../../id3/413/480.html">Pâtes, Riz, Purées</a></h3><ul class="menu"><li><a href="../../../../epicerie-sal%25C3%25A9e/p%25C3%25A2tes,-riz,-pur%25C3%25A9es/p%25C3%25A2tes/id0/681.html">Pâtes</a></li><li><a href="../../../../epicerie-sal%25C3%25A9e/p%25C3%25A2tes,-riz,-pur%25C3%25A9es/riz/id0/680.html">Riz</a></li><li><a href="../../../../epicerie-sal%25C3%25A9e/p%25C3%25A2tes,-riz,-pur%25C3%25A9es/sauces-pour-p%25C3%25A2tes-et-riz/id0/431966.html">Sauces pour Pâtes et Riz</a></li><li><a href="../../../../epicerie-sal%25C3%25A9e/p%25C3%25A2tes,-riz,-pur%25C3%25A9es/bl%25C3%25A9s,-semoules,-l%25C3%25A9gumes-secs/id0/678.html">Blés, Semoules, Légumes secs</a></li><li><a href="../../../../epicerie-sal%25C3%25A9e/p%25C3%25A2tes,-riz,-pur%25C3%25A9es/pur%25C3%25A9es/id0/682.html">Purées</a></li></ul></li><li><h3><a title="RR2022" rel="page-481" href="../../../../id3/413/481.html">Potages et Soupes</a></h3><ul class="menu"><li><a href="../../../../epicerie-sal%25C3%25A9e/potages-et-soupes/format-familial/id0/683.html">Format Familial</a></li><li><a href="../../../../epicerie-sal%25C3%25A9e/potages-et-soupes/format-individuel/id0/686.html">Format individuel</a></li><li><a href="../../../../epicerie-sal%25C3%25A9e/potages-et-soupes/de%25CC%2581shydrate%25CC%2581es,-instantane%25CC%2581es,-croutons/id0/685.html">Déshydratées, Instantanées, Croutons</a></li></ul></li><li><h3><a title="RR2024" rel="page-482" href="../../../../id3/413/482.html">Sauces, Condiments</a></h3><ul class="menu"><li><a href="../../../../epicerie-sal%25C3%25A9e/sauces,-condiments/huiles/id0/692.html">Huiles</a></li><li><a href="../../../../epicerie-sal%25C3%25A9e/sauces,-condiments/vinaigres,-vinaigrettes/id0/694.html">Vinaigres, Vinaigrettes</a></li><li><a href="../../../../epicerie-sal%25C3%25A9e/sauces,-condiments/sauces-chaudes/id0/689.html">Sauces Chaudes</a></li><li><a href="../../../../epicerie-sal%25C3%25A9e/sauces,-condiments/moutarde,-mayonnaise,-ketchup/id0/691.html">Moutarde, Mayonnaise, Ketchup</a></li><li><a href="../../../../epicerie-sal%25C3%25A9e/sauces,-condiments/olives,-cornichons/id0/688.html">Olives,  Cornichons</a></li><li><a href="../../../../epicerie-sal%25C3%25A9e/sauces,-condiments/sel,-poivre,-epices,-herbes/id0/695.html">Sel, Poivre, Epices, Herbes</a></li><li><a href="../../../../epicerie-sal%25C3%25A9e/sauces,-condiments/bouillons,-aides-culinaires/id0/687.html">Bouillons, Aides culinaires</a></li></ul></li><li><h3><a title="RR2021" rel="page-477" href="../../../../id3/413/477.html">Produits Salés Apéritifs</a></h3><ul class="menu"><li><a href="../../../../epicerie-sal%25C3%25A9e/produits-sal%25C3%25A9s-ap%25C3%25A9ritifs/chips,-tuiles/id0/675.html">Chips, Tuiles</a></li><li><a href="../../../../epicerie-sal%25C3%25A9e/produits-sal%25C3%25A9s-ap%25C3%25A9ritifs/cacahu%25C3%25A8tes,-autres-graines/id0/673.html">Cacahuètes, Autres Graines</a></li><li><a href="../../../../epicerie-sal%25C3%25A9e/produits-sal%25C3%25A9s-ap%25C3%25A9ritifs/biscuits-sal%25C3%25A9s,-souffl%25C3%25A9s/id0/668.html">Biscuits salés, Soufflés</a></li><li><a href="../../../../epicerie-sal%25C3%25A9e/produits-sal%25C3%25A9s-ap%25C3%25A9ritifs/autres-produits-ap%25C3%25A9ritifs/id0/669.html">Autres Produits Apéritifs</a></li></ul></li><li><h3><a title="RR3363" rel="page-143464" href="../../../../id3/413/143464.html">Produits Gourmets</a></h3><ul class="menu"><li><a href="../../../../epicerie-sal%25C3%25A9e/produits-gourmets/epicerie-sal%25C3%25A9e/id0/143468.html">Epicerie Salée</a></li><li><a href="../../../../epicerie-sal%25C3%25A9e/produits-gourmets/epicerie-sucr%25C3%25A9e/id0/143469.html">Epicerie Sucrée</a></li></ul></li><li><h3><a title="Epicerie salée BIO" rel="page-685096" href="../../../../id3/413/685096.html">Epicerie salée BIO</a></h3><ul class="menu"><li><a href="../../../../epicerie-sal%25C3%25A9e/epicerie-sal%25C3%25A9e-bio/conserves,-plats-cuisin%25C3%25A9s/id0/685097.html">Conserves, Plats cuisinés</a></li><li><a href="../../../../epicerie-sal%25C3%25A9e/epicerie-sal%25C3%25A9e-bio/p%25C3%25A2tes,-riz,-l%25C3%25A9gumes-secs/id0/685099.html">Pâtes, Riz, Légumes secs</a></li><li><a href="../../../../epicerie-sal%25C3%25A9e/epicerie-sal%25C3%25A9e-bio/soupes,-sauces,-condiments/id0/687251.html">Soupes, Sauces, Condiments</a></li></ul></li><li><h3><a title="Produits du monde" rel="page-764962" href="../../../../id3/413/764962.html">Produits du monde</a></h3><ul class="menu"><li><a href="../../../../epicerie-sal%25C3%25A9e/produits-du-monde/tex-mex/id0/764963.html">Tex mex</a></li><li><a href="../../../../epicerie-sal%25C3%25A9e/produits-du-monde/asie/id0/764964.html">Asie</a></li></ul></li></ul><?xml version="1.0" encoding="UTF-8"?><a href="http://www.auchandirect.fr/rayon/121413"><img src="http://www.auchandirect.fr/static/S1213SALE.jpg" alt="-25% sur Barilla" title="-25% sur Barilla" width="150" height="275" /></a>     
<div class="clear"></div></div><div class="clear"></div></div></div></div></li><li><a title="RR1007" href="605.html#">Petit-Déjeuner<br/>Epicerie Sucrée</a><div class="hovered_big_menu" id="4092"><div class="menu-panel"><div class="menu-listes-container float-container"><div class="menu-listes"><ul class="menu menu-horizontal menu_left"><li><h3><a title="RR2029" rel="page-484" href="../../../../id3/409/484.html">Petit-déjeuner</a></h3><ul class="menu"><li><a href="../../../../petit-d%25C3%25A9jeuner-epicerie-sucr%25C3%25A9e/petit-d%25C3%25A9jeuner/dosettes,-capsules/id0/431984.html">Dosettes, Capsules</a></li><li><a href="../../../../petit-d%25C3%25A9jeuner-epicerie-sucr%25C3%25A9e/petit-d%25C3%25A9jeuner/caf%25C3%25A9s,-chicor%25C3%25A9es,-chocolats/id0/710.html">Cafés, Chicorées, Chocolats</a></li><li><a href="../../../../petit-d%25C3%25A9jeuner-epicerie-sucr%25C3%25A9e/petit-d%25C3%25A9jeuner/th%25C3%25A9s,-infusions/id0/715.html">Thés, Infusions</a></li><li><a href="../../../../petit-d%25C3%25A9jeuner-epicerie-sucr%25C3%25A9e/petit-d%25C3%25A9jeuner/c%25C3%25A9r%25C3%25A9ales/id0/709.html">Céréales</a></li><li><a href="../../../../petit-d%25C3%25A9jeuner-epicerie-sucr%25C3%25A9e/petit-d%25C3%25A9jeuner/biscottes,-tartines/id0/708.html">Biscottes, Tartines</a></li><li><a href="../../../../petit-d%25C3%25A9jeuner-epicerie-sucr%25C3%25A9e/petit-d%25C3%25A9jeuner/pains-et-viennoiseries/id0/716.html">Pains et Viennoiseries</a></li><li><a href="../../../../petit-d%25C3%25A9jeuner-epicerie-sucr%25C3%25A9e/petit-d%25C3%25A9jeuner/confitures,-miels,-p%25C3%25A2tes-%25C3%25A0-tartiner/id0/712.html">Confitures, Miels, Pâtes à Tartiner</a></li><li><a href="../../../../petit-d%25C3%25A9jeuner-epicerie-sucr%25C3%25A9e/petit-d%25C3%25A9jeuner/jus-de-fruits/id0/713.html">Jus de Fruits</a></li><li><a href="../../../../petit-d%25C3%25A9jeuner-epicerie-sucr%25C3%25A9e/petit-d%25C3%25A9jeuner/laits/id0/714.html">Laits</a></li></ul></li><li><h3><a title="RR2026" rel="page-483" href="../../../../id3/409/483.html">Biscuits, Goûters</a></h3><ul class="menu"><li><a href="../../../../petit-d%25C3%25A9jeuner-epicerie-sucr%25C3%25A9e/biscuits,-go%25C3%25BBters/biscuits/id0/693.html">Biscuits</a></li><li><a href="../../../../petit-d%25C3%25A9jeuner-epicerie-sucr%25C3%25A9e/biscuits,-go%25C3%25BBters/go%25C3%25BBters/id0/431989.html">Goûters </a></li><li><a href="../../../../petit-d%25C3%25A9jeuner-epicerie-sucr%25C3%25A9e/biscuits,-go%25C3%25BBters/p%25C3%25A2tisseries/id0/696.html">Pâtisseries</a></li><li><a href="../../../../petit-d%25C3%25A9jeuner-epicerie-sucr%25C3%25A9e/biscuits,-go%25C3%25BBters/compotes-enfants/id0/856862.html">Compotes enfants</a></li></ul></li><li><h3><a title="RR2027" rel="page-485" href="../../../../id3/409/485.html">Chocolats, Confiseries</a></h3><ul class="menu"><li><a href="../../../../petit-d%25C3%25A9jeuner-epicerie-sucr%25C3%25A9e/chocolats,-confiseries/tablettes-de-chocolat/id0/701.html">Tablettes de Chocolat</a></li><li><a href="../../../../petit-d%25C3%25A9jeuner-epicerie-sucr%25C3%25A9e/chocolats,-confiseries/confiseries-chocolat%25C3%25A9es/id0/698.html">Confiseries Chocolatées</a></li><li><a href="../../../../petit-d%25C3%25A9jeuner-epicerie-sucr%25C3%25A9e/chocolats,-confiseries/bonbons/id0/699.html">Bonbons</a></li><li><a href="../../../../petit-d%25C3%25A9jeuner-epicerie-sucr%25C3%25A9e/chocolats,-confiseries/chewing-gum/id0/700.html">Chewing Gum</a></li><li><a href="../../../../petit-d%25C3%25A9jeuner-epicerie-sucr%25C3%25A9e/chocolats,-confiseries/petite-confiserie/id0/702.html">Petite Confiserie</a></li></ul></li><li><h3><a title="RR2028" rel="page-486" href="../../../../id3/409/486.html">Desserts, Ingrédients</a></h3><ul class="menu"><li><a href="../../../../petit-d%25C3%25A9jeuner-epicerie-sucr%25C3%25A9e/desserts,-ingr%25C3%25A9dients/sucres,-farines,-levures/id0/706.html">Sucres, Farines, Levures</a></li><li><a href="../../../../petit-d%25C3%25A9jeuner-epicerie-sucr%25C3%25A9e/desserts,-ingr%25C3%25A9dients/compotes,-cr%25C3%25A8mes/id0/704.html">Compotes, Crèmes</a></li><li><a href="../../../../petit-d%25C3%25A9jeuner-epicerie-sucr%25C3%25A9e/desserts,-ingr%25C3%25A9dients/desserts-%25C3%25A0-pr%25C3%25A9parer/id0/703.html">Desserts à Préparer</a></li><li><a href="../../../../petit-d%25C3%25A9jeuner-epicerie-sucr%25C3%25A9e/desserts,-ingr%25C3%25A9dients/fruits-au-sirop/id0/705.html">Fruits au Sirop</a></li><li><a href="../../../../petit-d%25C3%25A9jeuner-epicerie-sucr%25C3%25A9e/desserts,-ingr%25C3%25A9dients/aides-%25C3%25A0-la-p%25C3%25A2tisserie/id0/707.html">Aides à la Pâtisserie</a></li></ul></li><li><h3><a title="Bien Etre, Forme" rel="page-431988" href="../../../../id3/409/431988.html">Bien Etre, Forme</a></h3><ul class="menu"><li><a href="../../../../petit-d%25C3%25A9jeuner-epicerie-sucr%25C3%25A9e/bien-etre,-forme/petit-d%25C3%25A9jeuner/id0/431990.html">Petit Déjeuner</a></li><li><a href="../../../../petit-d%25C3%25A9jeuner-epicerie-sucr%25C3%25A9e/bien-etre,-forme/biscuits,-go%25C3%25BBters/id0/431991.html">Biscuits, Goûters</a></li><li><a href="../../../../petit-d%25C3%25A9jeuner-epicerie-sucr%25C3%25A9e/bien-etre,-forme/compl%25C3%25A9ments-alimentaires/id0/431992.html">Compléments alimentaires</a></li><li><a href="../../../../petit-d%25C3%25A9jeuner-epicerie-sucr%25C3%25A9e/bien-etre,-forme/sans-gluten/id0/431993.html">Sans gluten</a></li></ul></li><li><h3><a title="Epicerie sucrée Bio" rel="page-685084" href="../../../../id3/409/685084.html">Epicerie sucrée Bio</a></h3><ul class="menu"><li><a href="../../../../petit-d%25C3%25A9jeuner-epicerie-sucr%25C3%25A9e/epicerie-sucr%25C3%25A9e-bio/caf%25C3%25A9,-th%25C3%25A9s/id0/687260.html">Café, Thés</a></li><li><a href="../../../../petit-d%25C3%25A9jeuner-epicerie-sucr%25C3%25A9e/epicerie-sucr%25C3%25A9e-bio/c%25C3%25A9r%25C3%25A9ales/id0/687270.html">Céréales </a></li><li><a href="../../../../petit-d%25C3%25A9jeuner-epicerie-sucr%25C3%25A9e/epicerie-sucr%25C3%25A9e-bio/confitures,-miels,-p%25C3%25A2tes-%25C3%25A0-tartiner/id0/687268.html">Confitures, Miels, Pâtes à tartiner</a></li><li><a href="../../../../petit-d%25C3%25A9jeuner-epicerie-sucr%25C3%25A9e/epicerie-sucr%25C3%25A9e-bio/biscuits/id0/685091.html">Biscuits </a></li><li><a href="../../../../petit-d%25C3%25A9jeuner-epicerie-sucr%25C3%25A9e/epicerie-sucr%25C3%25A9e-bio/farines,-sucres/id0/687265.html">Farines, Sucres </a></li><li><a href="../../../../petit-d%25C3%25A9jeuner-epicerie-sucr%25C3%25A9e/epicerie-sucr%25C3%25A9e-bio/tablettes-de-chocolat/id0/689173.html">Tablettes de chocolat</a></li><li><a href="../../../../petit-d%25C3%25A9jeuner-epicerie-sucr%25C3%25A9e/epicerie-sucr%25C3%25A9e-bio/compotes,-cr%25C3%25A8mes/id0/689171.html">Compotes, Crèmes </a></li></ul></li><li><h3><a title="Chocolats de Pâques" rel="page-788713" href="../../../../id3/409/788713.html">Chocolats de Pâques</a></h3><ul class="menu"><li><a href="../../../../petit-d%25C3%25A9jeuner-epicerie-sucr%25C3%25A9e/chocolats-de-p%25C3%25A2ques/chocolats-de-p%25C3%25A2ques/id0/788714.html">Chocolats de Pâques</a></li></ul></li></ul><?xml version="1.0" encoding="UTF-8"?><a href="http://www.auchandirect.fr/rayon/755420"><img src="http://www.auchandirect.fr/static/S1113CHOCOLAT.jpg" alt="D&eacute;couvrez nos offres en chocolats" title="D&eacute;couvrez nos offres en chocolats" /><img src="http://www.auchandirect.fr/static/S1113chocolat.jpg" alt="D&eacute;couvrez nos offres de chocolat" title="D&eacute;couvrez nos offres de chocolat" /></a>    
<div class="clear"></div></div><div class="clear"></div></div></div></div></li><li><a title="RR1008" href="605.html#">Boissons</a><div class="hovered_big_menu" id="4112"><div class="menu-panel"><div class="menu-listes-container float-container"><div class="menu-listes"><ul class="menu menu-horizontal menu_left"><li><h3><a title="RR2030" rel="page-478" href="../../../../id3/411/478.html">Eaux</a></h3><ul class="menu"><li><a href="../../../../boissons/eaux/eaux-plates/id0/667.html">Eaux plates</a></li><li><a href="../../../../boissons/eaux/eaux-gazeuses/id0/663.html">Eaux gazeuses</a></li><li><a href="../../../../boissons/eaux/eaux-aromatis%25C3%25A9es/id0/666.html">Eaux aromatisées</a></li><li><a href="../../../../boissons/eaux/boutique-evian/id0/786012.html">Boutique Evian</a></li><li><a href="../../../../boissons/eaux/boutique-perrier/id0/786013.html">Boutique Perrier</a></li></ul></li><li><h3><a title="RR2031" rel="page-476" href="../../../../id3/411/476.html">Jus, Softs</a></h3><ul class="menu"><li><a href="../../../../boissons/jus,-softs/jus-de-fruits,-l%25C3%25A9gumes/id0/672.html">Jus de fruits, Légumes</a></li><li><a href="../../../../boissons/jus,-softs/jus-de-fruits-frais/id0/433470.html">Jus de fruits frais</a></li><li><a href="../../../../boissons/jus,-softs/colas,-boissons-gazeuses/id0/671.html">Colas, Boissons gazeuses</a></li><li><a href="../../../../boissons/jus,-softs/boissons-aromatis%25C3%25A9es,-sirops/id0/670.html">Boissons aromatisées, Sirops</a></li><li><a href="../../../../boissons/jus,-softs/energ%25C3%25A9tiques,-sports/id0/431982.html">Energétiques, Sports</a></li></ul></li><li><h3><a title="RR2058" rel="page-506" href="../../../../id3/411/506.html">Vins et Champagnes</a></h3><ul class="menu"><li><a href="../../../../boissons/vins-et-champagnes/vins-rouges/id0/822.html">Vins rouges</a></li><li><a href="../../../../boissons/vins-et-champagnes/vins-blancs/id0/819.html">Vins blancs</a></li><li><a href="../../../../boissons/vins-et-champagnes/vins-ros%25C3%25A9s/id0/821.html">Vins rosés</a></li><li><a href="../../../../boissons/vins-et-champagnes/champagnes-et-vins-p%25C3%25A9tillants/id0/818.html">Champagnes et vins pétillants</a></li><li><a href="../../../../boissons/vins-et-champagnes/foire-aux-vins-de-printemps/id0/685088.html">Foire aux vins de printemps</a></li></ul></li><li><h3><a title="RR3373" rel="page-445712" href="../../../../id3/411/445712.html">Produits Salés Apéritifs</a></h3><ul class="menu"><li><a href="../../../../boissons/produits-sal%25C3%25A9s-ap%25C3%25A9ritifs/chips,-tuiles/id0/445713.html">Chips, Tuiles</a></li><li><a href="../../../../boissons/produits-sal%25C3%25A9s-ap%25C3%25A9ritifs/cacahu%25C3%25A8tes,-autres-graines/id0/445714.html">Cacahuètes, Autres Graines</a></li><li><a href="../../../../boissons/produits-sal%25C3%25A9s-ap%25C3%25A9ritifs/biscuits-sal%25C3%25A9s,-souffl%25C3%25A9s/id0/445715.html">Biscuits Salés, Soufflés</a></li><li><a href="../../../../boissons/produits-sal%25C3%25A9s-ap%25C3%25A9ritifs/autres-produits-ap%25C3%25A9ritifs/id0/445716.html">Autres Produits Apéritifs</a></li></ul></li><li><h3><a title="RR2032" rel="page-475" href="../../../../id3/411/475.html">Apéritifs, Digestifs</a></h3><ul class="menu"><li><a href="../../../../boissons/ap%25C3%25A9ritifs,-digestifs/whiskies/id0/661.html">Whiskies</a></li><li><a href="../../../../boissons/ap%25C3%25A9ritifs,-digestifs/ap%25C3%25A9ritifs,-anis%25C3%25A9s/id0/662.html">Apéritifs, Anisés</a></li><li><a href="../../../../boissons/ap%25C3%25A9ritifs,-digestifs/digestifs/id0/658.html">Digestifs</a></li><li><a href="../../../../boissons/ap%25C3%25A9ritifs,-digestifs/autres-alcools/id0/431962.html">Autres alcools</a></li><li><a href="../../../../boissons/ap%25C3%25A9ritifs,-digestifs/sans-alcool/id0/431963.html">Sans alcool</a></li></ul></li><li><h3><a title="RR2033" rel="page-474" href="../../../../id3/411/474.html">Bières, Cidres</a></h3><ul class="menu"><li><a href="../../../../boissons/bi%25C3%25A8res,-cidres/bi%25C3%25A8res/id0/664.html">Bières</a></li><li><a href="../../../../boissons/bi%25C3%25A8res,-cidres/cidres/id0/665.html">Cidres</a></li></ul></li><li><h3><a title="Boissons Bio" rel="page-731715" href="../../../../id3/411/731715.html">Boissons Bio</a></h3><ul class="menu"><li><a href="../../../../boissons/boissons-bio/jus-de-fruits-frais/id0/736713.html">Jus de fruits frais</a></li><li><a href="../../../../boissons/boissons-bio/jus-de-fruits,-l%25C3%25A9gumes/id0/736714.html">Jus de fruits, Légumes</a></li><li><a href="../../../../boissons/boissons-bio/lait,-soja,-riz/id0/736715.html">Lait, Soja, Riz</a></li><li><a href="../../../../boissons/boissons-bio/vins,-cidres/id0/736712.html">Vins, Cidres</a></li></ul></li></ul><?xml version="1.0" encoding="UTF-8"?><a href="http://www.auchandirect.fr/rayon/384079"><img src="http://www.auchandirect.fr/static/s1213boisson.jpg" alt="Champagne Heidsieck Monopole" title="Champagne Heidsieck Monopole" /></a>     
<div class="clear"></div></div><div class="clear"></div></div></div></div></li><li><a title="RR1012" href="605.html#">Bébé</a><div class="hovered_big_menu" id="4102"><div class="menu-panel"><div class="menu-listes-container float-container"><div class="menu-listes"><ul class="menu menu-horizontal menu_left"><li><h3><a title="RR2048" rel="page-490" href="../../../../id3/410/490.html">Couches, Culottes</a></h3><ul class="menu"><li><a href="../../../../b%25C3%25A9b%25C3%25A9/couches,-culottes/nouveau-n%25C3%25A9s-(taille-1-et-2)/id0/718.html">Nouveau-nés (Taille 1 et 2)</a></li><li><a href="../../../../b%25C3%25A9b%25C3%25A9/couches,-culottes/3-9-kg-(taille-3-et-4)/id0/721.html">3-9 kg (Taille 3 et 4)</a></li><li><a href="../../../../b%25C3%25A9b%25C3%25A9/couches,-culottes/7-20-kg-(taille-3,-4-et-5)/id0/717.html">7-20 kg (Taille 4 et 5)</a></li><li><a href="../../../../b%25C3%25A9b%25C3%25A9/couches,-culottes/11-35-kg-(taille-4-et-5)/id0/719.html">11-35 kg (Taille 4 et 5)</a></li><li><a href="../../../../b%25C3%25A9b%25C3%25A9/couches,-culottes/culottes/id0/720.html">Culottes</a></li></ul></li><li><h3><a title="RR2047" rel="page-487" href="../../../../id3/410/487.html">Laits bébé</a></h3><ul class="menu"><li><a href="../../../../b%25C3%25A9b%25C3%25A9/laits-b%25C3%25A9b%25C3%25A9/croissance/id0/725.html">Croissance</a></li><li><a href="../../../../b%25C3%25A9b%25C3%25A9/laits-b%25C3%25A9b%25C3%25A9/laits-1er-age/id0/722.html">Laits 1er Age</a></li><li><a href="../../../../b%25C3%25A9b%25C3%25A9/laits-b%25C3%25A9b%25C3%25A9/laits-2%25C3%25A8me-age/id0/723.html">Laits 2ème Age</a></li><li><a href="../../../../b%25C3%25A9b%25C3%25A9/laits-b%25C3%25A9b%25C3%25A9/laits-infantiles-bio/id0/724.html">Laits Infantiles Bio</a></li></ul></li><li><h3><a title="RR2046" rel="page-488" href="../../../../id3/410/488.html">Alimentation bébé</a></h3><ul class="menu"><li><a href="../../../../b%25C3%25A9b%25C3%25A9/alimentation-b%25C3%25A9b%25C3%25A9/petit-d%25C3%25A9jeuner/id0/727.html">Petit-déjeuner</a></li><li><a href="../../../../b%25C3%25A9b%25C3%25A9/alimentation-b%25C3%25A9b%25C3%25A9/petits-pots,-assiettes/id0/729.html">Petits Pots, Assiettes</a></li><li><a href="../../../../b%25C3%25A9b%25C3%25A9/alimentation-b%25C3%25A9b%25C3%25A9/go%25C3%25BBters,-desserts/id0/730.html">Goûters, Desserts</a></li><li><a href="../../../../b%25C3%25A9b%25C3%25A9/alimentation-b%25C3%25A9b%25C3%25A9/boissons/id0/728.html">Boissons</a></li><li><a href="../../../../b%25C3%25A9b%25C3%25A9/alimentation-b%25C3%25A9b%25C3%25A9/alimentation-b%25C3%25A9b%25C3%25A9-bio/id0/726.html">Alimentation Bébé Bio</a></li></ul></li><li><h3><a title="RR2049" rel="page-489" href="../../../../id3/410/489.html">Toilette et Soin</a></h3><ul class="menu"><li><a href="../../../../b%25C3%25A9b%25C3%25A9/toilette-et-soin/cotons,-lingettes/id0/731.html">Cotons, Lingettes</a></li><li><a href="../../../../b%25C3%25A9b%25C3%25A9/toilette-et-soin/toilette/id0/732.html">Toilette</a></li><li><a href="../../../../b%25C3%25A9b%25C3%25A9/toilette-et-soin/soins/id0/733.html">Soins</a></li><li><a href="../../../../b%25C3%25A9b%25C3%25A9/toilette-et-soin/accessoires-de-pu%25C3%25A9riculture/id0/736.html">Accessoires de Puériculture</a></li><li><a href="../../../../b%25C3%25A9b%25C3%25A9/toilette-et-soin/pour-la-maman/id0/734.html">Pour la Maman</a></li></ul></li><li><h3><a title="Bébé Bio" rel="page-689179" href="../../../../id3/410/689179.html">Bébé Bio</a></h3><ul class="menu"><li><a href="../../../../b%25C3%25A9b%25C3%25A9/b%25C3%25A9b%25C3%25A9-bio/laits-infantiles/id0/693965.html">Laits infantiles</a></li><li><a href="../../../../b%25C3%25A9b%25C3%25A9/b%25C3%25A9b%25C3%25A9-bio/petit-d%25C3%25A9jeuner/id0/693964.html">Petit déjeuner</a></li><li><a href="../../../../b%25C3%25A9b%25C3%25A9/b%25C3%25A9b%25C3%25A9-bio/petits-pots,-assiettes/id0/689182.html">Petits pots, Assiettes </a></li><li><a href="../../../../b%25C3%25A9b%25C3%25A9/b%25C3%25A9b%25C3%25A9-bio/desserts-et-go%25C3%25BBters/id0/689184.html">Desserts et goûters </a></li><li><a href="../../../../b%25C3%25A9b%25C3%25A9/b%25C3%25A9b%25C3%25A9-bio/boissons/id0/689183.html">Boissons</a></li><li><a href="../../../../b%25C3%25A9b%25C3%25A9/b%25C3%25A9b%25C3%25A9-bio/toilette-et-soin/id0/689180.html">Toilette et soin</a></li></ul></li></ul><?xml version="1.0" encoding="UTF-8"?><a href="http://www.auchandirect.fr/rayon/872514"><img src="http://www.auchandirect.fr/static/S1313bebe.jpg" alt="Promo sur Gallia" title="Promo sur Gallia" width="150" height="275" /></a>    
<div class="clear"></div></div><div class="clear"></div></div></div></div></li><li><a title="RR1001" href="605.html#">Bio<br/>Ecolo</a><div class="hovered_big_menu" id="4052"><div class="menu-panel"><div class="menu-listes-container float-container"><div class="menu-listes"><ul class="menu menu-horizontal menu_left"><li><h3><a title="RR2002" rel="page-456" href="../../../../id3/405/456.html">Produits Frais et Surgelés Bio</a></h3><ul class="menu"><li><a href="../../../../bio-ecolo/produits-frais-et-surgel%25C3%25A9s-bio/charcuterie,-traiteur/id0/575.html">Charcuterie,  Traiteur</a></li><li><a href="../../../../bio-ecolo/produits-frais-et-surgel%25C3%25A9s-bio/fruits,-l%25C3%25A9gumes/id0/574.html">Fruits,  Légumes</a></li><li><a href="../../../../bio-ecolo/produits-frais-et-surgel%25C3%25A9s-bio/cr%25C3%25A9merie---fromages---oeufs/id0/576.html">Crémerie - Fromages - Oeufs</a></li><li><a href="../../../../bio-ecolo/produits-frais-et-surgel%25C3%25A9s-bio/surgel%25C3%25A9s/id0/577.html">Surgelés</a></li><li><a href="../../../../bio-ecolo/produits-frais-et-surgel%25C3%25A9s-bio/viandes,-volailles,-poissons/id0/578.html">Viandes,  Volailles,  Poissons</a></li></ul></li><li><h3><a title="RR2003" rel="page-458" href="../../../../id3/405/458.html">Epicerie Bio</a></h3><ul class="menu"><li><a href="../../../../bio-ecolo/epicerie-bio/biscuits/id0/567.html">Biscuits</a></li><li><a href="../../../../bio-ecolo/epicerie-bio/desserts/id0/731714.html">Desserts</a></li><li><a href="../../../../bio-ecolo/epicerie-bio/petit-d%25C3%25A9jeuner/id0/573.html">Petit-déjeuner</a></li><li><a href="../../../../bio-ecolo/epicerie-bio/conserves,-plats-cuisin%25C3%25A9s/id0/565.html">Conserves,  Plats Cuisinés</a></li><li><a href="../../../../bio-ecolo/epicerie-bio/p%25C3%25A2tes,-riz,-c%25C3%25A9r%25C3%25A9ales/id0/570.html">Pâtes,  Riz,  Céréales</a></li><li><a href="../../../../bio-ecolo/epicerie-bio/sauces,-condiments/id0/572.html">Sauces,  Condiments</a></li><li><a href="../../../../bio-ecolo/epicerie-bio/chocolats/id0/693962.html">Chocolats</a></li></ul></li><li><h3><a title="RR2004" rel="page-455" href="../../../../id3/405/455.html">Boissons Bio</a></h3><ul class="menu"><li><a href="../../../../bio-ecolo/boissons-bio/lait,-soja,-riz/id0/563.html">Lait,  Soja, riz</a></li><li><a href="../../../../bio-ecolo/boissons-bio/jus-de-fruits,-l%25C3%25A9gumes/id0/557.html">Jus de Fruits,  Légumes</a></li><li><a href="../../../../bio-ecolo/boissons-bio/alcools/id0/554.html">Alcools</a></li></ul></li><li><h3><a title="RR2001" rel="page-454" href="../../../../id3/405/454.html">Bébé Bio</a></h3><ul class="menu"><li><a href="../../../../bio-ecolo/b%25C3%25A9b%25C3%25A9-bio/alimentation-b%25C3%25A9b%25C3%25A9/id0/558.html">Alimentation Bébé</a></li><li><a href="../../../../bio-ecolo/b%25C3%25A9b%25C3%25A9-bio/laits-b%25C3%25A9b%25C3%25A9/id0/556.html">Laits Bébé</a></li><li><a href="../../../../bio-ecolo/b%25C3%25A9b%25C3%25A9-bio/toilette,-soins/id0/555.html">Toilette, Soins</a></li></ul></li><li><h3><a title="RR2005" rel="page-457" href="../../../../id3/405/457.html">Entretien,  Hygiène Bio Ecolo</a></h3><ul class="menu"><li><a href="../../../../bio-ecolo/entretien,-hygi%25C3%25A8ne-bio-ecolo/soins-de-la-personne/id0/562.html">Soins de la Personne</a></li><li><a href="../../../../bio-ecolo/entretien,-hygi%25C3%25A8ne-bio-ecolo/piles,-ampoules/id0/564.html">Piles, Ampoules</a></li><li><a href="../../../../bio-ecolo/entretien,-hygi%25C3%25A8ne-bio-ecolo/vaisselle/id0/689175.html">Vaisselle</a></li><li><a href="../../../../bio-ecolo/entretien,-hygi%25C3%25A8ne-bio-ecolo/cuisine/id0/689176.html">Cuisine</a></li><li><a href="../../../../bio-ecolo/entretien,-hygi%25C3%25A8ne-bio-ecolo/produits-m%25C3%25A9nagers/id0/689177.html">Produits ménagers</a></li><li><a href="../../../../bio-ecolo/entretien,-hygi%25C3%25A8ne-bio-ecolo/papiers/id0/689178.html">Papiers</a></li></ul></li></ul><?xml version="1.0" encoding="UTF-8"?><a href="../../../../bio-ecolo/entretien,-hygi%25C3%25A8ne-bio-ecolo/produits-m%25C3%25A9nagers/id0/689177.html"><img src="http://www.auchandirect.fr/static/s1213bio.jpg" alt="Nettoyez Sain,respirez sain" title="Nettoyez Sain,Respirez sain" width="150" height="275" /></a>   
<div class="clear"></div></div><div class="clear"></div></div></div></div></li><li><a title="RR1010" href="605.html#">Hygiène<br/>Beauté</a><div class="hovered_big_menu" id="4122"><div class="menu-panel"><div class="menu-listes-container float-container"><div class="menu-listes"><ul class="menu menu-horizontal menu_left"><li><h3><a title="RR2038" rel="page-492" href="../../../../id3/412/492.html">Corps</a></h3><ul class="menu"><li><a href="../../../../hygi%25C3%25A8ne-beaut%25C3%25A9/corps/douche,-bain/id0/746.html">Douche, Bain</a></li><li><a href="../../../../hygi%25C3%25A8ne-beaut%25C3%25A9/corps/savons/id0/748.html">Savons</a></li><li><a href="../../../../hygi%25C3%25A8ne-beaut%25C3%25A9/corps/d%25C3%25A9odorants/id0/744.html">Déodorants</a></li><li><a href="../../../../hygi%25C3%25A8ne-beaut%25C3%25A9/corps/cr%25C3%25A8mes,-soins-du-corps/id0/745.html">Crèmes, Soins du Corps</a></li><li><a href="../../../../hygi%25C3%25A8ne-beaut%25C3%25A9/corps/soins-mains,-pieds/id0/751.html">Soins Mains, Pieds</a></li><li><a href="../../../../hygi%25C3%25A8ne-beaut%25C3%25A9/corps/epilation-f%25C3%25A9minine/id0/750.html">Epilation Féminine</a></li><li><a href="../../../../hygi%25C3%25A8ne-beaut%25C3%25A9/corps/hygi%25C3%25A8ne-intime/id0/749.html">Hygiène intime</a></li><li><a href="../../../../hygi%25C3%25A8ne-beaut%25C3%25A9/corps/solaires/id0/754.html">Solaires</a></li></ul></li><li><h3><a title="RR2037" rel="page-491" href="../../../../id3/412/491.html">Cheveux</a></h3><ul class="menu"><li><a href="../../../../hygi%25C3%25A8ne-beaut%25C3%25A9/cheveux/shampooings/id0/743.html">Shampooings</a></li><li><a href="../../../../hygi%25C3%25A8ne-beaut%25C3%25A9/cheveux/apr%25C3%25A8s-shampooings/id0/738.html">Après shampooings</a></li><li><a href="../../../../hygi%25C3%25A8ne-beaut%25C3%25A9/cheveux/masques,-soins-capillaires/id0/741.html">Masques, Soins Capillaires</a></li><li><a href="../../../../hygi%25C3%25A8ne-beaut%25C3%25A9/cheveux/coiffants/id0/740.html">Coiffants</a></li></ul></li><li><h3><a title="RR2036" rel="page-493" href="../../../../id3/412/493.html">Visage</a></h3><ul class="menu"><li><a href="../../../../hygi%25C3%25A8ne-beaut%25C3%25A9/visage/cotons,-lingettes/id0/761.html">Cotons, Lingettes</a></li><li><a href="../../../../hygi%25C3%25A8ne-beaut%25C3%25A9/visage/toilette-du-visage/id0/766.html">Toilette du Visage</a></li><li><a href="../../../../hygi%25C3%25A8ne-beaut%25C3%25A9/visage/soins-dentaires/id0/764.html">Soins Dentaires</a></li><li><a href="../../../../hygi%25C3%25A8ne-beaut%25C3%25A9/visage/soins-du-visage/id0/767.html">Soins du Visage</a></li><li><a href="../../../../hygi%25C3%25A8ne-beaut%25C3%25A9/visage/maquillage/id0/765.html">Maquillage</a></li></ul></li><li><h3><a title="Hommes" rel="page-433468" href="../../../../id3/412/433468.html">Hommes</a></h3><ul class="menu"><li><a href="../../../../hygi%25C3%25A8ne-beaut%25C3%25A9/hommes/rasage,-soins-hommes/id0/763.html">Rasage, Soins Hommes</a></li><li><a href="../../../../hygi%25C3%25A8ne-beaut%25C3%25A9/hommes/cheveux/id0/739.html">Cheveux</a></li><li><a href="../../../../hygi%25C3%25A8ne-beaut%25C3%25A9/hommes/douche,-bain/id0/747.html">Douche, Bain</a></li><li><a href="../../../../hygi%25C3%25A8ne-beaut%25C3%25A9/hommes/d%25C3%25A9odorants/id0/1707.html">Déodorants</a></li></ul></li><li><h3><a title="RR2040" rel="page-494" href="../../../../id3/412/494.html">Papier, Parapharmacie</a></h3><ul class="menu"><li><a href="../../../../hygi%25C3%25A8ne-beaut%25C3%25A9/papier,-parapharmacie/papiers-toilette/id0/753.html">Papiers toilette</a></li><li><a href="../../../../hygi%25C3%25A8ne-beaut%25C3%25A9/papier,-parapharmacie/essuie-tout/id0/752.html">Essuie-tout</a></li><li><a href="../../../../hygi%25C3%25A8ne-beaut%25C3%25A9/papier,-parapharmacie/mouchoirs/id0/756.html">Mouchoirs</a></li><li><a href="../../../../hygi%25C3%25A8ne-beaut%25C3%25A9/papier,-parapharmacie/parapharmacie/id0/495.html">Parapharmacie</a></li><li><a href="../../../../hygi%25C3%25A8ne-beaut%25C3%25A9/papier,-parapharmacie/solaires/id0/759.html">Solaires</a></li></ul></li><li><h3><a title="Hygiène Beauté Bio" rel="page-689162" href="../../../../id3/412/689162.html">Hygiène Beauté Bio</a></h3><ul class="menu"><li><a href="../../../../hygi%25C3%25A8ne-beaut%25C3%25A9/hygi%25C3%25A8ne-beaut%25C3%25A9-bio/cotons,-lingettes/id0/689163.html">Cotons, Lingettes </a></li><li><a href="../../../../hygi%25C3%25A8ne-beaut%25C3%25A9/hygi%25C3%25A8ne-beaut%25C3%25A9-bio/cr%25C3%25A8mes,-soins-du-corps/id0/689164.html">Crèmes, Soins du corps </a></li><li><a href="../../../../hygi%25C3%25A8ne-beaut%25C3%25A9/hygi%25C3%25A8ne-beaut%25C3%25A9-bio/d%25C3%25A9odorants/id0/689165.html">Déodorants</a></li><li><a href="../../../../hygi%25C3%25A8ne-beaut%25C3%25A9/hygi%25C3%25A8ne-beaut%25C3%25A9-bio/douches,-bains/id0/689166.html">Douches, Bains </a></li><li><a href="../../../../hygi%25C3%25A8ne-beaut%25C3%25A9/hygi%25C3%25A8ne-beaut%25C3%25A9-bio/shampooings/id0/689168.html">Shampooings Bio</a></li><li><a href="../../../../hygi%25C3%25A8ne-beaut%25C3%25A9/hygi%25C3%25A8ne-beaut%25C3%25A9-bio/soins-du-visage/id0/689169.html">Soins du visage Bio</a></li><li><a href="../../../../hygi%25C3%25A8ne-beaut%25C3%25A9/hygi%25C3%25A8ne-beaut%25C3%25A9-bio/toilette-du-visage/id0/689170.html">Toilette du visage Bio</a></li></ul></li></ul><?xml version="1.0" encoding="UTF-8"?><a href="http://www.auchandirect.fr/rayon/872513"><img src="http://www.auchandirect.fr/static/s1213hygiene.jpg" alt="Promo sur Tahiti" title="Promo sur Tahiti" width="150" height="275" /></a>    
<div class="clear"></div></div><div class="clear"></div></div></div></div></li><li><a title="RR1011" href="605.html#">Entretien</a><div class="hovered_big_menu" id="4142"><div class="menu-panel"><div class="menu-listes-container float-container"><div class="menu-listes"><ul class="menu menu-horizontal menu_left"><li><h3><a title="RR2045" rel="page-499" href="../../../../id3/414/499.html">Papiers</a></h3><ul class="menu"><li><a href="../../../../entretien/papiers/essuies-tout/id0/775.html">Essuies tout</a></li><li><a href="../../../../entretien/papiers/mouchoirs/id0/774.html">Mouchoirs</a></li><li><a href="../../../../entretien/papiers/papiers-toilette/id0/776.html">Papiers toilette</a></li></ul></li><li><h3><a title="RR2041" rel="page-500" href="../../../../id3/414/500.html">Soin du Linge</a></h3><ul class="menu"><li><a href="../../../../entretien/soin-du-linge/lessives/id0/792.html">Lessives</a></li><li><a href="../../../../entretien/soin-du-linge/assouplissants/id0/790.html">Assouplissants</a></li><li><a href="../../../../entretien/soin-du-linge/aides-au-lavage/id0/788.html">Aides au Lavage</a></li></ul></li><li><h3><a title="RR2043" rel="page-497" href="../../../../id3/414/497.html">Produits ménagers</a></h3><ul class="menu"><li><a href="../../../../entretien/produits-m%25C3%25A9nagers/cuisine,-salle-de-bain,-javel/id0/778.html">Cuisine, Salle de bain, Javel</a></li><li><a href="../../../../entretien/produits-m%25C3%25A9nagers/multi-usages/id0/784.html">Multi-usages</a></li><li><a href="../../../../entretien/produits-m%25C3%25A9nagers/lingettes-nettoyantes/id0/780.html">Lingettes Nettoyantes</a></li><li><a href="../../../../entretien/produits-m%25C3%25A9nagers/sols/id0/785.html">Sols</a></li><li><a href="../../../../entretien/produits-m%25C3%25A9nagers/vitres,-meubles/id0/787.html">Vitres, Meubles</a></li><li><a href="../../../../entretien/produits-m%25C3%25A9nagers/wc,-d%25C3%25A9boucheurs/id0/789.html">WC, Déboucheurs</a></li><li><a href="../../../../entretien/produits-m%25C3%25A9nagers/produits-ecolo/id0/786.html">Produits Ecolo</a></li></ul></li><li><h3><a title="RR2042" rel="page-496" href="../../../../id3/414/496.html">Vaisselle</a></h3><ul class="menu"><li><a href="../../../../entretien/vaisselle/lavage-en-machine/id0/793.html">Lavage en Machine</a></li><li><a href="../../../../entretien/vaisselle/liquides-vaisselle/id0/795.html">Liquides Vaisselle</a></li><li><a href="../../../../entretien/vaisselle/gants,-eponges/id0/794.html">Gants, Eponges</a></li></ul></li><li><h3><a title="RR2044" rel="page-498" href="../../../../id3/414/498.html">Cuisine</a></h3><ul class="menu"><li><a href="../../../../entretien/cuisine/sacs-poubelle/id0/773.html">Sacs Poubelle</a></li><li><a href="../../../../entretien/cuisine/aides-%25C3%25A0-la-conservation,-cuisson/id0/768.html">Aides à la Conservation, Cuisson</a></li><li><a href="../../../../entretien/cuisine/bo%25C3%25AEtes-herm%25C3%25A9tiques,-vaisselle-jetable/id0/770.html">Boîtes Hermétiques, Vaisselle Jetable</a></li><li><a href="../../../../entretien/cuisine/ustensiles-de-cuisine,-filtres-%25C3%25A0-caf%25C3%25A9/id0/769.html">Ustensiles de cuisine, Filtres à café</a></li><li><a href="../../../../entretien/cuisine/gants,-eponges/id0/772.html">Gants, Eponges</a></li></ul></li><li><h3><a title="Entretien Bio" rel="page-685085" href="../../../../id3/414/685085.html">Entretien Bio</a></h3><ul class="menu"><li><a href="../../../../entretien/entretien-bio/produits-m%25C3%25A9nagers/id0/685092.html">Produits ménagers </a></li><li><a href="../../../../entretien/entretien-bio/cuisine/id0/685098.html">Cuisine</a></li><li><a href="../../../../entretien/entretien-bio/papier/id0/687254.html">Papier Bio</a></li><li><a href="../../../../entretien/entretien-bio/vaisselle/id0/687255.html">Vaisselle </a></li></ul></li></ul><?xml version="1.0" encoding="UTF-8"?><a href="http://www.auchandirect.fr/rayon/872512"><img src="http://www.auchandirect.fr/static/s1213entretien.jpg" alt="Promo sur Moltonel" title="Promo sur Moltonel" width="150" height="275" /></a>    
<div class="clear"></div></div><div class="clear"></div></div></div></div></li><li><a title="RR1013" href="605.html#">Animaux<br/>Maison</a><div class="hovered_big_menu" id="4152"><div class="menu-panel"><div class="menu-listes-container float-container"><div class="menu-listes"><ul class="menu menu-horizontal menu_left"><li><h3><a title="RR2051" rel="page-501" href="../../../../id3/415/501.html">Animaux</a></h3><ul class="menu"><li><a href="../../../../animaux-maison/animaux/chats/id0/797.html">Chats</a></li><li><a href="../../../../animaux-maison/animaux/chiens/id0/798.html">Chiens</a></li><li><a href="../../../../animaux-maison/animaux/rongeurs---autres-animaux/id0/796.html">Rongeurs - Autres animaux</a></li></ul></li><li><h3><a title="RR2054" rel="page-503" href="../../../../id3/415/503.html">Droguerie</a></h3><ul class="menu"><li><a href="../../../../animaux-maison/droguerie/d%25C3%25A9sodorisants/id0/802.html">Désodorisants</a></li><li><a href="../../../../animaux-maison/droguerie/bougies,-allumettes/id0/799.html">Bougies, Allumettes</a></li><li><a href="../../../../animaux-maison/droguerie/insecticides/id0/803.html">Insecticides</a></li><li><a href="../../../../animaux-maison/droguerie/cirages/id0/801.html">Cirages</a></li></ul></li><li><h3><a title="RR2055" rel="page-505" href="../../../../id3/415/505.html">Maison pratique</a></h3><ul class="menu"><li><a href="../../../../animaux-maison/maison-pratique/accessoires-cuisine/id0/804.html">Accessoires Cuisine</a></li><li><a href="../../../../animaux-maison/maison-pratique/ampoules,-piles/id0/806.html">Ampoules, Piles</a></li><li><a href="../../../../animaux-maison/maison-pratique/allumettes/id0/808.html">Allumettes</a></li><li><a href="../../../../animaux-maison/maison-pratique/divers/id0/805.html">Divers</a></li></ul></li><li><h3><a title="RR2056" rel="page-504" href="../../../../id3/415/504.html">Papeterie</a></h3><ul class="menu"><li><a href="../../../../animaux-maison/papeterie/ecriture/id0/813.html">Ecriture</a></li><li><a href="../../../../animaux-maison/papeterie/papiers,-cahiers/id0/812.html">Papiers, Cahiers</a></li><li><a href="../../../../animaux-maison/papeterie/cartouches-imprimantes/id0/809.html">Cartouches imprimantes</a></li></ul></li><li><h3><a title="RR2052" rel="page-502" href="../../../../id3/415/502.html">Textile</a></h3><ul class="menu"><li><a href="../../../../animaux-maison/textile/collants,-leggings/id0/815.html">Collants, Leggings</a></li><li><a href="../../../../animaux-maison/textile/bas,-mi-bas/id0/814.html">Bas, Mi-bas</a></li><li><a href="../../../../animaux-maison/textile/destockage/id0/924212.html">Destockage</a></li></ul></li></ul><?xml version="1.0" encoding="UTF-8"?><a href="http://www.auchandirect.fr/rayon/565021"><img src="http://www.auchandirect.fr/static/s1213maison.jpg" alt="Promo sur Whiskas" title="Promo sur Whiskas" width="150" height="275" /></a>    
<div class="clear"></div></div><div class="clear"></div></div></div></div></li><li><a title="titre Boutiques" rel="page-boutiques" href="605.html#">Boutiques</a><div class="hovered_big_menu" id="4152"><div class="menu-panel"><div class="menu-listes-container float-container"><?xml version="1.0" encoding="UTF-8"?><div class="boutique-cont" style="background: none repeat scroll 0% 0% #ffffff; border-radius: 8px 8px 8px 8px; padding: 5px">
<div class="promo-moment" style="width: 590px; margin: 0px 0px 10px; float: left">
<h1>&Agrave; ne pas rater en ce moment</h1>
<ul>
	<li style="padding: 0px 12px; margin: 17px 0px">	
	<a style="background: none repeat scroll 0% 0% transparent ! important; border-left: medium none ! important; margin: 0px ! important; height: auto" href="http://www.auchandirect.fr/rayon/653712"><img src="http://www.auchandirect.fr/static/produitsmoins1euro.jpg" alt="Faites-vous plaisir!" /></a>	
	<h2>Faites-vous plaisir &agrave; petit prix</h2>	
	<p>
	Retrouvez plus de 100 produits du quotidien &agrave; moins d'1 euro  	
	</p>
	<a href="http://www.auchandirect.fr/rayon/653712">&gt;&gt; Voir les offres</a>	</li>	
	<li style="padding: 0px 12px; margin: 17px 0px"><a style="background: none repeat scroll 0% 0% transparent ! important; border-left: medium none ! important; margin: 0px ! important; height: auto" href="../../../../rayon.pagetemplate.fancycloseprovidergabarit.closebuttonhk%3Ft:ac=promos.html"><img src="http://www.auchandirect.fr/static/100promos.jpg" alt="Bonne Ann&eacute;e!" /> 	</a>	
	<h2>En promotion en ce moment ...</h2>	
	<p>
	Plus de 100 promos vous attendent chaque semaine
	</p>
	<a href="../../../../rayon.pagetemplate.fancycloseprovidergabarit.closebuttonhk%3Ft:ac=promos.html">&gt;&gt; Voir les offres</a>	</li>
</ul>
</div>
<div class="produits-a-decouvrir" style="float: right; margin: 0px 0px 10px">
<h2 style="color: #ffffff; background: none repeat scroll 0% 0% #ff7f1e; border-radius: 6px 6px 0px 0px">Je ma&icirc;trise mon budget</h2>
<ul>
	<li class="first-bord" style="float: left; border-top: 1px solid #ff7f1e ! important; padding-left: 9px">	<a style="background: none repeat scroll 0% 0% transparent ! important; border-left: medium none ! important; padding: 0px; margin: 0px ! important; float: left" href="http://www.auchandirect.fr/rayon/471412"><img src="http://www.auchandirect.fr/static/produitsauchan2.gif" alt="Produits Auchan" /></a>  	
	<div class="infos">
	<h3 style="font-size: 1.2em">Produits Auchan</h3>	
	<p style="font-size: 12px">
	Retrouvez une s&eacute;lection de pr&egrave;s de 100 produits Auchan du quotidien &agrave; petit prix	
	</p>
	<a style="border: medium none ! important; padding-left: 0px ! important" href="http://www.auchandirect.fr/rayon/471412">&gt;&gt; 	Parcourir</a>	
	</div>
	</li>	
	<li style="float: left; padding-left: 9px">	
	<a style="background: none repeat scroll 0% 0% transparent ! important; border-left: medium none ! important; padding: 0px; margin: 0px ! important; float: left" href="http://www.auchandirect.fr/rayon/82018"><img src="http://www.auchandirect.fr/static/bio1euro.gif" alt="Bioa1euro" /></a>
	<div class="infos">
	<h3 style="font-size: 1.2em">Le bio &agrave; moins d' 1 euro</h3>
	<p style="font-size: 12px">
	Restez bio toute l'ann&eacute;e sans vous ruiner !<a style="border: medium none ! important; padding-left: 0px ! important" href="http://www.auchandirect.fr/rayon/82018">&gt;&gt; D&eacute;couvrir</a>	
	</p>
	</div>
	</li>	
	<li style="float: left; padding-left: 9px">	<a style="background: none repeat scroll 0% 0% transparent ! important; border-left: medium none ! important; padding: 0px; margin: 0px ! important; float: left"><img src="http://www.auchandirect.fr/static/riketrok.gif" alt="Rik et Rok" /></a>	
	<div class="infos">
	<h3 style="font-size: 1.2em">Rik&amp;Rok</h3>	
	<p style="font-size: 12px">
	La gamme ludique et savoureuse pour le plus grand bonheur de vos enfants !	
	</p>
	<a style="border: medium none ! important; padding-left: 0px ! important" href="http://www.auchandirect.fr/rayon/562314">&gt;&gt; D&eacute;couvrir</a>	
	</div>
	</li>
</ul>
</div>
<div class="promo-bottom" style="margin: 0px ! important; overflow: hidden">
<a style="background: none repeat scroll 0% 0% transparent ! important; border-left: medium none ! important; padding: 0px; margin: 0px ! important; float: left" href="http://auchandirect.photobox.fr/content/private-sales?cid=banvpi012013"><img src="http://www.auchandirect.fr/static/photobox.jpg" alt="Auchan direct photo" /></a>
<h1 style="width: 440px">Offre de bienvenue : <span> 50 tirages photos offerts</span></h1>
<a style="border: medium none ! important" href="http://auchandirect.photobox.fr/inscription?cid=banpermanente" class="btn-offre">J'y vais !</a>
</div>
</div>
</div></div></div></li></ul></div><div><script language="javascript">
var tc_vars = new Array();
/* Partie Environnement */
tc_vars["env_template"]="Sous Rayon";
tc_vars["env_work"]="prod";
tc_vars["env_channel"]="web";
tc_vars["env_language"]="français";
tc_vars["env_country"]="France";
tc_vars["env_dnt"]="disabled";
/* Partie Users */
tc_vars["user_rcw"]="";
tc_vars["user_id"]="";
tc_vars["user_gender"]="";
tc_vars["user_category"]="";
tc_vars["user_recency"]="";
tc_vars["user_frequency"]="";
tc_vars["user_amount"]="";
tc_vars["user_smb"]="";
tc_vars["user_logged"]="0";
tc_vars["user_age"]="";
tc_vars["user_scoring"]="000";
tc_vars["user_store"]="Morangis";
tc_vars["user_postalcode"]="91420";
/* Partie Tree structure */
tc_vars["page_cat1"]="Produits laitiers, Œufs";
tc_vars["page_cat2"]="Crémerie, Oeufs";
tc_vars["page_cat3"]="Laits";
tc_vars["page_name"]="Courses en ligne, livraison à domicile en 24h - Auchandirect.fr";
tc_vars["page_error"]="";
/* Partie Panier */
tc_vars["order_id"]="";
tc_vars["basket_id"]="0";
tc_vars["order_amount_ati_without_sf"]="";
tc_vars["order_amount_ati_with_sf"]="";
tc_vars["order_discount_ati"]="";
tc_vars["order_ship_ati"]="";
tc_vars["order_amount_tf_without_sf"]="";
tc_vars["order_amount_tf_with_sf"]="";
tc_vars["order_discount_tf"]="";
tc_vars["order_ship_tf"]="";
tc_vars["order_newcustomer"]="";
tc_vars["order_tax"]="";
tc_vars["order_payment_methods"]="";
tc_vars["order_shipping_method"]="LAD";
tc_vars["order_status"]="";
tc_vars["order_promo_codes"]="";
tc_vars["order_currency"]="";
tc_vars["order_email"]="";
tc_vars["order_email_optin"]="";
tc_vars["order_products_number"]="0";

tc_vars["order_products"] = new Array();

/* Partie Produit */
tc_vars["product_id"]="";
tc_vars["product_id_cug"]="";
tc_vars["product_id_upsell1"]="";
tc_vars["product_id_upsell2"]="";
tc_vars["product_id_upsell3"]="";
tc_vars["product_id_crossell1"]="";
tc_vars["product_id_crossell2"]="";
tc_vars["product_id_crossell3"]="";
tc_vars["product_name"]="";
tc_vars["product_unitprice_ati"]="";
tc_vars["product_unitprice_tf"]="";
tc_vars["product_currency"]="";
tc_vars["product_trademark"]="";
tc_vars["product_url_page"]="";
tc_vars["product_url_picture"]="";
tc_vars["product_isbundle"]="";
tc_vars["product_breadcrumb_id"]="";
tc_vars["product_breadcrumb_label"]="";
tc_vars["product_rating"]="";
tc_vars["product_instock"]="";
/* Partie Liste Produit */
tc_vars["list_products"] = new Array();

tc_vars["list_products"][0] = new Array();
tc_vars["list_products"][0]["list_product_id"]="64717";
tc_vars["list_products"][0]["list_product_id_cug"]="4723";
tc_vars["list_products"][0]["list_product_id_upsell1"]="";
tc_vars["list_products"][0]["list_product_id_upsell2"]="";
tc_vars["list_products"][0]["list_product_id_upsell3"]="";
tc_vars["list_products"][0]["list_product_id_crossell1"]="";
tc_vars["list_products"][0]["list_product_id_crossell2"]="";
tc_vars["list_products"][0]["list_product_id_crossell3"]="";
tc_vars["list_products"][0]["list_product_name"]="Lait demi-écrémé";
tc_vars["list_products"][0]["list_product_unitprice_ati"]="4.89€";
tc_vars["list_products"][0]["list_product_discount_ati"]="0.00€";
tc_vars["list_products"][0]["list_product_unitprice_tf"]="4.89€";
tc_vars["list_products"][0]["list_product_currency"]="EUR";
tc_vars["list_products"][0]["list_product_trademark"]="AUCHAN";
tc_vars["list_products"][0]["list_product_url_page"]="http://www.refonte.auchandirect.fr/detailproduit/484/4723";
tc_vars["list_products"][0]["list_product_url_picture"]="http://www.refonte.auchandirect.fr/static/images/products/detail/4723.jpg";
tc_vars["list_products"][0]["list_product_isbundle"]="N";
tc_vars["list_products"][0]["list_product_breadcrumb_id"]="484";
tc_vars["list_products"][0]["list_product_breadcrumb_label"]="Petit-déjeuner";
tc_vars["list_products"][0]["list_product_rating"]="";
tc_vars["list_products"][0]["list_product_instock"]="Y";
tc_vars["list_products"][0]["list_product_totalprice_tf"]="4.89€"
tc_vars["list_products"][0]["list_product_trademark"]="AUCHAN"

tc_vars["list_products"][1] = new Array();
tc_vars["list_products"][1]["list_product_id"]="57603";
tc_vars["list_products"][1]["list_product_id_cug"]="52106";
tc_vars["list_products"][1]["list_product_id_upsell1"]="";
tc_vars["list_products"][1]["list_product_id_upsell2"]="";
tc_vars["list_products"][1]["list_product_id_upsell3"]="";
tc_vars["list_products"][1]["list_product_id_crossell1"]="";
tc_vars["list_products"][1]["list_product_id_crossell2"]="";
tc_vars["list_products"][1]["list_product_id_crossell3"]="";
tc_vars["list_products"][1]["list_product_name"]="Lait demi-écrémé";
tc_vars["list_products"][1]["list_product_unitprice_ati"]="3.99€";
tc_vars["list_products"][1]["list_product_discount_ati"]="0.00€";
tc_vars["list_products"][1]["list_product_unitprice_tf"]="3.99€";
tc_vars["list_products"][1]["list_product_currency"]="EUR";
tc_vars["list_products"][1]["list_product_trademark"]="AUCHAN";
tc_vars["list_products"][1]["list_product_url_page"]="http://www.refonte.auchandirect.fr/detailproduit/484/52106";
tc_vars["list_products"][1]["list_product_url_picture"]="http://www.refonte.auchandirect.fr/static/images/products/detail/52106.jpg";
tc_vars["list_products"][1]["list_product_isbundle"]="N";
tc_vars["list_products"][1]["list_product_breadcrumb_id"]="484";
tc_vars["list_products"][1]["list_product_breadcrumb_label"]="Petit-déjeuner";
tc_vars["list_products"][1]["list_product_rating"]="";
tc_vars["list_products"][1]["list_product_instock"]="Y";
tc_vars["list_products"][1]["list_product_totalprice_tf"]="3.99€"
tc_vars["list_products"][1]["list_product_trademark"]="AUCHAN"

tc_vars["list_products"][2] = new Array();
tc_vars["list_products"][2]["list_product_id"]="394958";
tc_vars["list_products"][2]["list_product_id_cug"]="102987";
tc_vars["list_products"][2]["list_product_id_upsell1"]="";
tc_vars["list_products"][2]["list_product_id_upsell2"]="";
tc_vars["list_products"][2]["list_product_id_upsell3"]="";
tc_vars["list_products"][2]["list_product_id_crossell1"]="";
tc_vars["list_products"][2]["list_product_id_crossell2"]="";
tc_vars["list_products"][2]["list_product_id_crossell3"]="";
tc_vars["list_products"][2]["list_product_name"]="Lait demi-écrémé";
tc_vars["list_products"][2]["list_product_unitprice_ati"]="6.19€";
tc_vars["list_products"][2]["list_product_discount_ati"]="0.00€";
tc_vars["list_products"][2]["list_product_unitprice_tf"]="6.19€";
tc_vars["list_products"][2]["list_product_currency"]="EUR";
tc_vars["list_products"][2]["list_product_trademark"]="AUCHAN";
tc_vars["list_products"][2]["list_product_url_page"]="http://www.refonte.auchandirect.fr/detailproduit/484/102987";
tc_vars["list_products"][2]["list_product_url_picture"]="http://www.refonte.auchandirect.fr/static/images/products/detail/102987.jpg";
tc_vars["list_products"][2]["list_product_isbundle"]="N";
tc_vars["list_products"][2]["list_product_breadcrumb_id"]="484";
tc_vars["list_products"][2]["list_product_breadcrumb_label"]="Petit-déjeuner";
tc_vars["list_products"][2]["list_product_rating"]="";
tc_vars["list_products"][2]["list_product_instock"]="Y";
tc_vars["list_products"][2]["list_product_totalprice_tf"]="6.19€"
tc_vars["list_products"][2]["list_product_trademark"]="AUCHAN"

tc_vars["list_products"][3] = new Array();
tc_vars["list_products"][3]["list_product_id"]="64728";
tc_vars["list_products"][3]["list_product_id_cug"]="52108";
tc_vars["list_products"][3]["list_product_id_upsell1"]="";
tc_vars["list_products"][3]["list_product_id_upsell2"]="";
tc_vars["list_products"][3]["list_product_id_upsell3"]="";
tc_vars["list_products"][3]["list_product_id_crossell1"]="";
tc_vars["list_products"][3]["list_product_id_crossell2"]="";
tc_vars["list_products"][3]["list_product_id_crossell3"]="";
tc_vars["list_products"][3]["list_product_name"]="Lait écrémé";
tc_vars["list_products"][3]["list_product_unitprice_ati"]="4.79€";
tc_vars["list_products"][3]["list_product_discount_ati"]="0.00€";
tc_vars["list_products"][3]["list_product_unitprice_tf"]="4.79€";
tc_vars["list_products"][3]["list_product_currency"]="EUR";
tc_vars["list_products"][3]["list_product_trademark"]="AUCHAN";
tc_vars["list_products"][3]["list_product_url_page"]="http://www.refonte.auchandirect.fr/detailproduit/484/52108";
tc_vars["list_products"][3]["list_product_url_picture"]="http://www.refonte.auchandirect.fr/static/images/products/detail/52108.jpg";
tc_vars["list_products"][3]["list_product_isbundle"]="N";
tc_vars["list_products"][3]["list_product_breadcrumb_id"]="484";
tc_vars["list_products"][3]["list_product_breadcrumb_label"]="Petit-déjeuner";
tc_vars["list_products"][3]["list_product_rating"]="";
tc_vars["list_products"][3]["list_product_instock"]="Y";
tc_vars["list_products"][3]["list_product_totalprice_tf"]="4.79€"
tc_vars["list_products"][3]["list_product_trademark"]="AUCHAN"

tc_vars["list_products"][4] = new Array();
tc_vars["list_products"][4]["list_product_id"]="64723";
tc_vars["list_products"][4]["list_product_id_cug"]="6878";
tc_vars["list_products"][4]["list_product_id_upsell1"]="";
tc_vars["list_products"][4]["list_product_id_upsell2"]="";
tc_vars["list_products"][4]["list_product_id_upsell3"]="";
tc_vars["list_products"][4]["list_product_id_crossell1"]="";
tc_vars["list_products"][4]["list_product_id_crossell2"]="";
tc_vars["list_products"][4]["list_product_id_crossell3"]="";
tc_vars["list_products"][4]["list_product_name"]="Lait entier";
tc_vars["list_products"][4]["list_product_unitprice_ati"]="6.05€";
tc_vars["list_products"][4]["list_product_discount_ati"]="0.00€";
tc_vars["list_products"][4]["list_product_unitprice_tf"]="6.05€";
tc_vars["list_products"][4]["list_product_currency"]="EUR";
tc_vars["list_products"][4]["list_product_trademark"]="AUCHAN";
tc_vars["list_products"][4]["list_product_url_page"]="http://www.refonte.auchandirect.fr/detailproduit/484/6878";
tc_vars["list_products"][4]["list_product_url_picture"]="http://www.refonte.auchandirect.fr/static/images/products/detail/6878.jpg";
tc_vars["list_products"][4]["list_product_isbundle"]="N";
tc_vars["list_products"][4]["list_product_breadcrumb_id"]="484";
tc_vars["list_products"][4]["list_product_breadcrumb_label"]="Petit-déjeuner";
tc_vars["list_products"][4]["list_product_rating"]="";
tc_vars["list_products"][4]["list_product_instock"]="Y";
tc_vars["list_products"][4]["list_product_totalprice_tf"]="6.05€"
tc_vars["list_products"][4]["list_product_trademark"]="AUCHAN"

/* Partie Recherche */
tc_vars["search_keywords"]="";
tc_vars["search_page_number"]="";
tc_vars["search_results_number"]="";
tc_vars["search_filters"]="";
</script><script src="http://www.auchandirect.fr/static/scripts/tc_AuchanDirect_1.js" type="text/javascript"></script><NOSCRIPT><IFRAME height="1" width="1" src="http://redirect234.tagcommander.com/utils/noscript.php?id=1&amp;mode=iframe"></IFRAME></NOSCRIPT></div><div class="float-container" id="content"><div class="top-content float-container"><div class="main-content"><div class="float-container" id="breadcrumb"><div id="breadcrumb-container"><form onsubmit="javascript:Tapestry.waitForPage(event);" action="http://www.auchandirect.fr/rayon.breadcrumbcategory.breadselectform" method="post" id="breadSelectForm" name="breadSelectForm"><div class="t-invisible"><input value="605" name="t:ac" type="hidden"></input><input value="H4sIAAAAAAAAAL1SPUgcQRQeRQPBRoSkC0bQ4grHbM4z/iDxFM7mUHGTgE3g7eybc+LszDozGz0Eawt7O0Gw86e110JsbBLSC7aBkIBVApmNASuTO3KkGt58j+/nvXf4mXSu9ZIni1DXajwyCDEzWRIxcFjTpk6l1qk1hGpTo5ACW0bqIEXrTL1EmTYoReTfJNUKlbO06vv7S4PzF58KZOOinZD1tPX8wdL10Td+8mGvYf65pvgXPe6h0HmWitFJmFfxjBS+5Q3IDAd3Tj9ukac/2klblXSxO8CRnuo7eA9DElRtKHRGqNrEeupIxWtQcNquaSNjKRRSIyhkbBkUjYVB5ig3WjkagwM6nSeZyZO80iuopoLnPHhRDKLWz3L4a8oLs48PXjY4y1WySTr+OU8Rx2IOHP+ql8s9/F+uguIIRpyPtspVs7sYedb9ZfTt/vbk7S76SO+9/BalD+MVSn9UiMAiLUf+E5irCJRxf4guSwden3VdPTr//vuA/USMlnOQYJ6sMz/YB7cKjZkoN2tiwWiG1oZZlAhrhVZnx/Ewv9m9/JX8J5LfYGuWBAAA" name="t:formdata" type="hidden"></input></div><p class="menu-horizontal"><a href="../../../../loadswitcher.html">Accueil</a> &gt;
<a href="../../../../id2/408.html">Produits laitiers, Œufs</a> &gt;
<a href="../../../../id3/408/459.html">Crémerie, Oeufs</a> &gt;
<select onChange="window.location.href='/rayon/' + options[selectedIndex].value;" class="form-select" id="select" name="select"><option selected="selected" value="605">Laits</option><option value="608">Crèmes Fraîches, Sauces </option><option value="604">Beurres</option><option value="607">Margarines</option><option value="606">Oeufs</option></select><img id="select-icon" class="t-error-icon t-invisible" alt="" src="http://www.auchandirect.fr/assets/tapestry/5.1.0.5/spacer.gif"/></p><input style="display:none;" id="breadSelectFormSubmit" type="submit"></input></form></div></div><!-- zone edit - Bannière haute --><div class="zone-admin diff-zone"></div><!-- DEBUT DE LA BARRE TITRE --><!-- div id="wrap-liste-produits-nav" class="">
						<div id="liste-produits-nav" class="clear-container float-container">
					
							
							
							<div id="liste-produits-tri" class="float-container">
							
							<div class="titre-produits">
								<h2>
									<span class="titre-principal">
										<t:outputraw value="categoryTitle" />
									</span>
									<span class="titre-secondaire"> ${nbProductsMsg}</span>
								</h2>
							</div>
							
							<t:zone t:id="headerListZone" t:update="show">
							<form t:type="form" t:id="sortForm" t:zone="productListZone" t:autofocus="false">
							<p class="liste-produits-choix-affichage" t:type="zone" t:update="show" id="productDisplayTypeZone">
									<p class="liste-produits-choix-affichage">
										<select t:type="select" t:id="sort" class="form-select" t:blankOption="NEVER" onChange="document.getElementById('sortBySubmit').click();" />
										<input type="submit" id="sortBySubmit" style="display:none;" />
										
										<a t:type="actionlink" t:id="list" t:zone="productListZone" class="bt-liste ${pdtDisplayListStyle}">${message:category.display.type.list}</a>
										<a t:type="actionlink" t:id="thumbnail" t:zone="productListZone" class="bt-grille ${pdtDisplayGridStyle}">${message:category.display.type.thumbnail}</a>
									</p>
								</p>
								</form>
								
								</t:zone>
								
								
							</div>
							
							<ul t:type="zone" id="labelZone" t:update="show" class="liste-produits-menu menu menu-horizontal clear-container">
								<t:delegate to="labelBlock" / --><!-- liste des capsules de tri (marques) --><!-- t:block t:id="labelBlock">
									
									<li class="item">
									<t:if test="isAllSubCatActive">
											<a class="active">${message:category.sub.all}</a>
										<p:else>
											<a t:type="actionlink" t:zone="labelZone" t:id="showAll">${message:category.sub.all}</a>
										</p:else>
									</t:if>
									</li>	
										
									<t:if test="specificCategory">
										<t:loop source="categoriesAll" value="cat">
											<li class="item">
												<t:if test="isCatDisable">
													<a class="non_active">${cat.label}</a>
												<p:else>
													<t:if test="isCatActive">
														<a class="active">${cat.label}</a>
													<p:else>
														<a t:type="actionlink" t:zone="labelZone" t:id="viewCat" t:context="cat.shelfId">${cat.label}</a>
													</p:else>
													</t:if>
												</p:else>
												</t:if>
											</li>
										</t:loop>
									</t:if>	
										
									<t:unless test="specificCategory">
										<t:loop source="subCategories" value="subCat">
											<li class="item">
												<t:if test="isSubCatDisable">
													<a class="non_active">${subCat.label}</a>
												<p:else>
													<t:if test="isSubCatActive">
														<a class="active">${subCat.label}</a>
													<p:else>
														<a t:type="actionlink" t:zone="labelZone" t:id="viewSubCat" t:context="subCat.shelfId">${subCat.label}</a>
													</p:else>
													</t:if>
												</p:else>
												</t:if>
											</li>
										</t:loop>
										
										<t:if test="hasBioFilter">
											<li class="bio">
												<a t:type="actionlink" t:zone="labelZone" t:id="bioLabel">${message:category.label.bio}</a>
											</li>
										</t:if>
										
									</t:unless>
									
								<t:if test="showPromo">
									<t:if test="isPromoCatActive">
										<li class="item caseprom">
											<a class="menu-top-promos activo" title="promos">${message:specificcategory.promotions}</a>
										</li>
									<p:else>
										<li class="item">
											<a class="menu-top-promos" title="promos" t:type="actionlink" t:zone="productListZone" t:id="filterPromos">${message:specificcategory.promotions}</a>
										</li>
									</p:else>
									</t:if>
									<p:else>
										<t:if test="isNotPromoPage">
											<li class="item">
												<a class="non_active" title="promos">${message:specificcategory.promotions}</a>
											</li>
										</t:if>
									</p:else>
								</t:if>
								
								<t:if test="showNews">
									<t:if test="isNewsCatActive">
										<li class="item">
											<a class="menu-top-nouveautes activon" title="nouveautes">${message:specificcategory.news}</a>
										</li>
									<p:else>
										<li class="item">
											<a class="menu-top-nouveautes" title="nouveautes" t:type="actionlink" t:zone="productListZone" t:id="filterNews">${message:specificcategory.news}</a>
										</li>
									</p:else>
									</t:if>
									<p:else>
										<t:if test="isNotNewsPage">
											<li class="item">
												<a class="non_active" title="nouveautes">${message:specificcategory.news}</a>
											</li>
										</t:if>
									</p:else>
								</t:if>
								
								<t:if test="showPdtAuchan">
									<t:if test="isAuchanCatActive">
										<li class="item">
											<a class="menu-top-produits-auchan activen" title="produits Auchan">${message:specificcategory.retailer_brand}</a>
										</li>
										<p:else>
											<li class="item">
												<a class="menu-top-produits-auchan" title="produits Auchan" t:type="actionlink" t:zone="productListZone" t:id="filterAuchan">${message:specificcategory.retailer_brand}</a>
											</li>
										</p:else>
									</t:if>
									<p:else>
										<t:if test="isNotAuchanPage">
											<li class="item">
												<a class="non_active" title="produits Auchan">${message:specificcategory.retailer_brand}</a>
											</li>
										</t:if>
									</p:else>
								</t:if>
								</t:block>
						</ul>
						</div>
						
						<div class="clear"></div>
						
						<t:zone t:id="moreProductListZone" t:update="show">
						<t:if test="!specificCategory">
								<t:if test="brands">
										<t:if test="isBrandFilterExpanded">
											<p class="link_hide_marque" style="display: block;">
											<a t:type="actionlink" t:zone="labelZone" t:id="hideAllBrands" title="${message:category.brands.hide.title}">${maskAllBrandsLink}</a>
											<img src="/static/images/down_arrow.png" />
											</p>
											
												<ul id="" class="liste-produits-menu menu menu-horizontal clear-container marques_liste" style="display: block;">
													<t:loop source="brands" value="brand">
														<li class="item">
															<t:if test="isBrandDisable">
																<a class="non_active">${brand}</a>
															<p:else>
																<t:if test="isBrandActive">
																	<a class="active">${brand}</a>
																<p:else>
																	<a t:type="actionlink" t:zone="labelZone" t:id="viewBrand" t:context="brand">${brand}</a>
																</p:else>
																</t:if>
															</p:else>
															</t:if>
														</li>
													</t:loop>
												</ul>
											
										<p:else>
											<p class="link_show_marque" style="display: block;">
											<a t:type="actionlink" t:zone="labelZone" t:id="viewAllBrands" title="${viewAllBrandsTitle}">${viewAllBrandsLink}</a>
											<img src="/static/images/down_arrow.png" />
											</p>
										</p:else>
										</t:if>
								</t:if>
							</t:if>
						</t:zone>
						
						</div --><!-- FIN DE LA BARRE TITRE --><div><!-- ***************** DEBUT DU BLOC TITRE ***************** --><div class="" id="wrap-liste-produits-nav"><div class="clear-container float-container" id="liste-produits-nav"><div class="float-container" id="liste-produits-tri"><div class="titre-produits"><h1><span class="titre-principal">Laits</span><span class="titre-secondaire"> - 70 produits</span></h1></div><div class="t-zone" id="headerListZone"><form onsubmit="javascript:Tapestry.waitForPage(event);" action="http://www.auchandirect.fr/rayon.productgridorlist.sortform" method="post" id="sortForm" name="sortForm"><div class="t-invisible"><input value="605" name="t:ac" type="hidden"></input><input value="H4sIAAAAAAAAAJXOMZJBQRCA4aaIZKpkWxuRjoTERhKR2lJeOUC/eeMZNaanuvvtchknUC4hkLnDHmBTkQA3IP2T/zv8Q/P3Ez7muKM4SkxFZbVkXxAHL2qEWIVhSFwaTGhXzigmJ8q7obHELvjc5CjOjPNHRKsT70LRzZxWqbc4tf4651sdalNoWYrKFL5x4xTa0zX+YD9gLPuZso/l1zYpNJ6/Fzzjdz0zJutEsirfeBFP8XQsBsvr/lIH2KY7aUKP/AYBAAA=" name="t:formdata" type="hidden"></input></div><p class="liste-produits-choix-affichage t-zone" id="productDisplayTypeZone"><p class="liste-produits-choix-affichage"><select onChange="document.getElementById('sortBySubmit').click();" class="form-select" id="sort" name="sort"><option selected="selected" value="MARQUE_ASC">Trier par marque A-Z</option><option value="MARQUE_DESC">Trier par marque Z-A</option><option value="PRICE_ASC">Trier du moins cher au plus cher</option><option value="PRICE_DESC">Trier du plus cher au moins cher</option><option value="PRICEQTE_ASC">Trier par prix/quantité croissant</option><option value="PRICEQTE_DESC">Trier par prix/quantité décroissant</option></select><img id="sort-icon" class="t-error-icon t-invisible" alt="" src="http://www.auchandirect.fr/assets/tapestry/5.1.0.5/spacer.gif"/><input style="display: none;" id="sortBySubmit" value="Valider" type="submit"></input><a id="list" onclick="javascript:Tapestry.waitForPage(event);" class="bt-liste " href="http://www.auchandirect.fr/rayon.productgridorlist.list?t:ac=605">en liste</a><a id="thumbnail" onclick="javascript:Tapestry.waitForPage(event);" class="bt-grille active" href="http://www.auchandirect.fr/rayon.productgridorlist.thumbnail?t:ac=605">en grille</a></p></p></form></div></div><ul class="liste-produits-menu menu menu-horizontal clear-container t-zone" id="labelZone"><li class="item"><a class="active">TOUS</a></li><li class="item"><a id="viewSubCatPgol" onclick="javascript:Tapestry.waitForPage(event);" href="http://www.auchandirect.fr/rayon.productgridorlist.viewsubcatpgol/1003?t:ac=605">Demi-Ecrémés</a></li><li class="item"><a id="viewSubCatPgol_0" onclick="javascript:Tapestry.waitForPage(event);" href="http://www.auchandirect.fr/rayon.productgridorlist.viewsubcatpgol/1002?t:ac=605">Entiers </a></li><li class="item"><a id="viewSubCatPgol_1" onclick="javascript:Tapestry.waitForPage(event);" href="http://www.auchandirect.fr/rayon.productgridorlist.viewsubcatpgol/1006?t:ac=605">Ecrémés - Vitaminés - Délactosés</a></li><li class="item"><a id="viewSubCatPgol_2" onclick="javascript:Tapestry.waitForPage(event);" href="http://www.auchandirect.fr/rayon.productgridorlist.viewsubcatpgol/1005?t:ac=605">Aromatisés - Enfant</a></li><li class="item"><a id="viewSubCatPgol_3" onclick="javascript:Tapestry.waitForPage(event);" href="http://www.auchandirect.fr/rayon.productgridorlist.viewsubcatpgol/1004?t:ac=605">Chèvre - Soja - Riz</a></li><li class="item"><a id="viewSubCatPgol_4" onclick="javascript:Tapestry.waitForPage(event);" href="http://www.auchandirect.fr/rayon.productgridorlist.viewsubcatpgol/1010?t:ac=605">Bio</a></li><li class="item"><a id="viewSubCatPgol_5" onclick="javascript:Tapestry.waitForPage(event);" href="http://www.auchandirect.fr/rayon.productgridorlist.viewsubcatpgol/1011?t:ac=605">Frais</a></li><li class="item"><a id="viewSubCatPgol_6" onclick="javascript:Tapestry.waitForPage(event);" href="http://www.auchandirect.fr/rayon.productgridorlist.viewsubcatpgol/1007?t:ac=605">Lait de Croissance</a></li><li class="item"><a id="viewSubCatPgol_7" onclick="javascript:Tapestry.waitForPage(event);" href="http://www.auchandirect.fr/rayon.productgridorlist.viewsubcatpgol/1008?t:ac=605">Concentrés - En Poudre</a></li><li class="item"><a id="filterPromos" onclick="javascript:Tapestry.waitForPage(event);" title="promos" class="menu-top-promos" href="http://www.auchandirect.fr/rayon.productgridorlist.filterpromos?t:ac=605">Promotions</a></li><li class="item"><a title="nouveautes" class="non_active">Nouveautés</a></li><li class="item"><a id="filterAuchan" onclick="javascript:Tapestry.waitForPage(event);" title="produits Auchan" class="menu-top-produits-auchan" href="http://www.auchandirect.fr/rayon.productgridorlist.filterauchan?t:ac=605">Produits Auchan</a></li><!-- liste des capsules de tri (marques) --></ul></div><div class="clear"></div><div class="t-zone" id="moreProductListZone"><p style="display: block;" class="link_show_marque"><a id="viewAllBrands" onclick="javascript:Tapestry.waitForPage(event);" title="Voir les 16 éléments supplémentaires" href="http://www.auchandirect.fr/rayon.productgridorlist.viewallbrands?t:ac=605">Afficher les 16 marques</a><img src="http://www.auchandirect.fr/static/images/down_arrow.png"/></p></div></div><!-- ***************** FIN DU BLOC TITRE ***************** --><div class="t-zone" id="productListZone"><div class="liste clear-container" id="liste-produits-grille"><table><tr><td><!-- PL : ici --><div class="bloc-produit produit-auchan"><div class="bloc-produit-content   "><a title="Voir le produit" href="http://www.auchandirect.fr/petit-déjeuner-epicerie-sucrée/petit-déjeuner/lait-demi-écrémé/id1/484/4723"><img src="http://www.auchandirect.fr/static/images/products/line/4723.jpg" alt="" class="produit "/></a><div class="picto"><span class="invisible"></span></div><div class="boutons-produit"><a id="addProductToBasket" onclick="javascript:Tapestry.waitForPage(event);" title="Ajouter au panier" class="bt-produit-ajout-panier" href="http://www.auchandirect.fr/rayon.productgridorlist.productlist_1.thumbnailproduct_0.addproducttobasket/4723?t:ac=605"><span>Ajouter au panier</span></a><a id="addProductToShoppingList" onclick="javascript:Tapestry.waitForPage(event);" title="Ajouter à ma liste" class="bt-produit-ajout-liste" href="http://www.auchandirect.fr/rayon.productgridorlist.productlist_1.thumbnailproduct_0.addproducttoshoppinglist/4723?t:ac=605">Ajouter à ma liste</a></div><div class="infos-produit-1"><div class="prix-actuel"><span>4.89€</span></div></div><div class="infos-produit-2"><a title="Voir le produit" href="http://www.auchandirect.fr/petit-déjeuner-epicerie-sucrée/petit-déjeuner/lait-demi-écrémé/id1/484/4723"><h2>AUCHAN</h2><h4>Lait demi-écrémé</h4><h4></h4><p>
6 x 1 l
<br/>
0.82€/l
</p></a></div><div class="mini_picto_bas"><!-- FIXME IDEM --><span class="com.atosworldline.ri.auchan.direct.front.tapestry.data.multimedia.Picture@64af9242 pictoListing txtImg">XXXXX</span></div></div></div></td><td><!-- PL : ici --><div class="bloc-produit produit-auchan"><div class="bloc-produit-content   "><a title="Voir le produit" href="http://www.auchandirect.fr/petit-déjeuner-epicerie-sucrée/petit-déjeuner/lait-demi-écrémé/id1/484/52106"><img src="http://www.auchandirect.fr/static/images/products/line/52106.jpg" alt="" class="produit "/></a><div class="picto"><span class="invisible"></span></div><div class="boutons-produit"><a id="addProductToBasket_0" onclick="javascript:Tapestry.waitForPage(event);" title="Ajouter au panier" class="bt-produit-ajout-panier" href="http://www.auchandirect.fr/rayon.productgridorlist.productlist_1.thumbnailproduct_0.addproducttobasket/52106?t:ac=605"><span>Ajouter au panier</span></a><a id="addProductToShoppingList_0" onclick="javascript:Tapestry.waitForPage(event);" title="Ajouter à ma liste" class="bt-produit-ajout-liste" href="http://www.auchandirect.fr/rayon.productgridorlist.productlist_1.thumbnailproduct_0.addproducttoshoppinglist/52106?t:ac=605">Ajouter à ma liste</a></div><div class="infos-produit-1"><div class="prix-actuel"><span>3.99€</span></div></div><div class="infos-produit-2"><a title="Voir le produit" href="http://www.auchandirect.fr/petit-déjeuner-epicerie-sucrée/petit-déjeuner/lait-demi-écrémé/id1/484/52106"><h2>AUCHAN</h2><h4>Lait demi-écrémé</h4><h4></h4><p>
6 x 50 cl
<br/>
1.33€/l
</p></a></div><div class="mini_picto_bas"><!-- FIXME IDEM --><span class="com.atosworldline.ri.auchan.direct.front.tapestry.data.multimedia.Picture@42ab5eb2 pictoListing txtImg">XXXXX</span></div></div></div></td><td><!-- PL : ici --><div class="bloc-produit produit-auchan"><div class="bloc-produit-content   "><a title="Voir le produit" href="http://www.auchandirect.fr/petit-déjeuner-epicerie-sucrée/petit-déjeuner/lait-demi-écrémé/id1/484/102987"><img src="http://www.auchandirect.fr/static/images/products/line/102987.jpg" alt="" class="produit "/></a><div class="picto"><span class="invisible"></span></div><div class="boutons-produit"><a id="addProductToBasket_1" onclick="javascript:Tapestry.waitForPage(event);" title="Ajouter au panier" class="bt-produit-ajout-panier" href="http://www.auchandirect.fr/rayon.productgridorlist.productlist_1.thumbnailproduct_0.addproducttobasket/102987?t:ac=605"><span>Ajouter au panier</span></a><a id="addProductToShoppingList_1" onclick="javascript:Tapestry.waitForPage(event);" title="Ajouter à ma liste" class="bt-produit-ajout-liste" href="http://www.auchandirect.fr/rayon.productgridorlist.productlist_1.thumbnailproduct_0.addproducttoshoppinglist/102987?t:ac=605">Ajouter à ma liste</a></div><div class="infos-produit-1"><div class="prix-actuel"><span>6.19€</span></div></div><div class="infos-produit-2"><a title="Voir le produit" href="http://www.auchandirect.fr/petit-déjeuner-epicerie-sucrée/petit-déjeuner/lait-demi-écrémé/id1/484/102987"><h2>AUCHAN</h2><h4>Lait demi-écrémé</h4><h4></h4><p>
8 x 1 l
<br/>
0.77€/l
</p></a></div><div class="mini_picto_bas"></div></div></div></td></tr><tr><td><!-- PL : ici --><div class="bloc-produit produit-auchan"><div class="bloc-produit-content   "><a title="Voir le produit" href="http://www.auchandirect.fr/petit-déjeuner-epicerie-sucrée/petit-déjeuner/lait-écrémé/id1/484/52108"><img src="http://www.auchandirect.fr/static/images/products/line/52108.jpg" alt="" class="produit "/></a><div class="picto"><span class="invisible"></span></div><div class="boutons-produit"><a id="addProductToBasket_2" onclick="javascript:Tapestry.waitForPage(event);" title="Ajouter au panier" class="bt-produit-ajout-panier" href="http://www.auchandirect.fr/rayon.productgridorlist.productlist_1.thumbnailproduct_0.addproducttobasket/52108?t:ac=605"><span>Ajouter au panier</span></a><a id="addProductToShoppingList_2" onclick="javascript:Tapestry.waitForPage(event);" title="Ajouter à ma liste" class="bt-produit-ajout-liste" href="http://www.auchandirect.fr/rayon.productgridorlist.productlist_1.thumbnailproduct_0.addproducttoshoppinglist/52108?t:ac=605">Ajouter à ma liste</a></div><div class="infos-produit-1"><div class="prix-actuel"><span>4.79€</span></div></div><div class="infos-produit-2"><a title="Voir le produit" href="http://www.auchandirect.fr/petit-déjeuner-epicerie-sucrée/petit-déjeuner/lait-écrémé/id1/484/52108"><h2>AUCHAN</h2><h4>Lait écrémé</h4><h4></h4><p>
6 x 1 l
<br/>
0.80€/l
</p></a></div><div class="mini_picto_bas"><!-- FIXME IDEM --><span class="com.atosworldline.ri.auchan.direct.front.tapestry.data.multimedia.Picture@d61a50 pictoListing txtImg">XXXXX</span></div></div></div></td><td><!-- PL : ici --><div class="bloc-produit produit-auchan"><div class="bloc-produit-content   "><a title="Voir le produit" href="http://www.auchandirect.fr/petit-déjeuner-epicerie-sucrée/petit-déjeuner/lait-entier/id1/484/6878"><img src="http://www.auchandirect.fr/static/images/products/line/6878.jpg" alt="" class="produit "/></a><div class="picto"><span class="invisible"></span></div><div class="boutons-produit"><a id="addProductToBasket_3" onclick="javascript:Tapestry.waitForPage(event);" title="Ajouter au panier" class="bt-produit-ajout-panier" href="http://www.auchandirect.fr/rayon.productgridorlist.productlist_1.thumbnailproduct_0.addproducttobasket/6878?t:ac=605"><span>Ajouter au panier</span></a><a id="addProductToShoppingList_3" onclick="javascript:Tapestry.waitForPage(event);" title="Ajouter à ma liste" class="bt-produit-ajout-liste" href="http://www.auchandirect.fr/rayon.productgridorlist.productlist_1.thumbnailproduct_0.addproducttoshoppinglist/6878?t:ac=605">Ajouter à ma liste</a></div><div class="infos-produit-1"><div class="prix-actuel"><span>6.05€</span></div></div><div class="infos-produit-2"><a title="Voir le produit" href="http://www.auchandirect.fr/petit-déjeuner-epicerie-sucrée/petit-déjeuner/lait-entier/id1/484/6878"><h2>AUCHAN</h2><h4>Lait entier</h4><h4></h4><p>
6 x 1 l
<br/>
1.01€/l
</p></a></div><div class="mini_picto_bas"><!-- FIXME IDEM --><span class="com.atosworldline.ri.auchan.direct.front.tapestry.data.multimedia.Picture@68597a9d pictoListing txtImg">XXXXX</span></div></div></div></td><td><!-- PL : ici --><div class="bloc-produit produit-auchan"><div class="bloc-produit-content   "><a title="Voir le produit" href="http://www.auchandirect.fr/petit-déjeuner-epicerie-sucrée/desserts,-ingrédients/lait-concentré-non-sucré/id1/486/37508"><img src="http://www.auchandirect.fr/static/images/products/line/37508.jpg" alt="" class="produit "/></a><div class="picto"><span class="invisible"></span></div><div class="boutons-produit"><a id="addProductToBasket_4" onclick="javascript:Tapestry.waitForPage(event);" title="Ajouter au panier" class="bt-produit-ajout-panier" href="http://www.auchandirect.fr/rayon.productgridorlist.productlist_1.thumbnailproduct_0.addproducttobasket/37508?t:ac=605"><span>Ajouter au panier</span></a><a id="addProductToShoppingList_4" onclick="javascript:Tapestry.waitForPage(event);" title="Ajouter à ma liste" class="bt-produit-ajout-liste" href="http://www.auchandirect.fr/rayon.productgridorlist.productlist_1.thumbnailproduct_0.addproducttoshoppinglist/37508?t:ac=605">Ajouter à ma liste</a></div><div class="infos-produit-1"><div class="prix-actuel"><span>1.13€</span></div></div><div class="infos-produit-2"><a title="Voir le produit" href="http://www.auchandirect.fr/petit-déjeuner-epicerie-sucrée/desserts,-ingrédients/lait-concentré-non-sucré/id1/486/37508"><h2>AUCHAN</h2><h4>Lait concentré non sucré</h4><h4></h4><p>
410 g
<br/>
2.76€/kg
</p></a></div><div class="mini_picto_bas"><!-- FIXME IDEM --><span class="com.atosworldline.ri.auchan.direct.front.tapestry.data.multimedia.Picture@4a810ef0 pictoListing txtImg">XXXXX</span></div></div></div></td></tr><tr><td><!-- PL : ici --><div class="bloc-produit produit-auchan"><div class="bloc-produit-content   "><a title="Voir le produit" href="http://www.auchandirect.fr/bébé/laits-bébé/croissance-bébé-(10-mois-à-3-ans)/id1/487/91542"><img src="http://www.auchandirect.fr/static/images/products/line/91542.jpg" alt="" class="produit "/></a><div class="picto"><span class="invisible"></span></div><div class="boutons-produit"><a id="addProductToBasket_5" onclick="javascript:Tapestry.waitForPage(event);" title="Ajouter au panier" class="bt-produit-ajout-panier" href="http://www.auchandirect.fr/rayon.productgridorlist.productlist_1.thumbnailproduct_0.addproducttobasket/91542?t:ac=605"><span>Ajouter au panier</span></a><a id="addProductToShoppingList_5" onclick="javascript:Tapestry.waitForPage(event);" title="Ajouter à ma liste" class="bt-produit-ajout-liste" href="http://www.auchandirect.fr/rayon.productgridorlist.productlist_1.thumbnailproduct_0.addproducttoshoppinglist/91542?t:ac=605">Ajouter à ma liste</a></div><div class="infos-produit-1"><div class="prix-actuel"><span>9.94€</span></div></div><div class="infos-produit-2"><a title="Voir le produit" href="http://www.auchandirect.fr/bébé/laits-bébé/croissance-bébé-(10-mois-à-3-ans)/id1/487/91542"><h2>AUCHAN BABY</h2><h4>Croissance bébé (10 mois à 3 ans)</h4><h4></h4><p>
6 x 1 l
<br/>
1.66€/l
</p></a></div><div class="mini_picto_bas"><!-- FIXME IDEM --><span class="com.atosworldline.ri.auchan.direct.front.tapestry.data.multimedia.Picture@5efbd4c6 pictoListing txtImg">XXXXX</span></div></div></div></td><td><!-- PL : ici --><div class="bloc-produit produit-auchan"><div class="bloc-produit-content   "><a title="Voir le produit" href="http://www.auchandirect.fr/bio-ecolo/boissons-bio/lait-demi-écrémé/id1/455/34919"><img src="http://www.auchandirect.fr/static/images/products/line/34919.jpg" alt="" class="produit "/></a><div class="picto"><span class="invisible"></span></div><div class="boutons-produit"><a id="addProductToBasket_6" onclick="javascript:Tapestry.waitForPage(event);" title="Ajouter au panier" class="bt-produit-ajout-panier" href="http://www.auchandirect.fr/rayon.productgridorlist.productlist_1.thumbnailproduct_0.addproducttobasket/34919?t:ac=605"><span>Ajouter au panier</span></a><a id="addProductToShoppingList_6" onclick="javascript:Tapestry.waitForPage(event);" title="Ajouter à ma liste" class="bt-produit-ajout-liste" href="http://www.auchandirect.fr/rayon.productgridorlist.productlist_1.thumbnailproduct_0.addproducttoshoppinglist/34919?t:ac=605">Ajouter à ma liste</a></div><div class="infos-produit-1"><div class="prix-actuel"><span>5.89€</span></div></div><div class="infos-produit-2"><a title="Voir le produit" href="http://www.auchandirect.fr/bio-ecolo/boissons-bio/lait-demi-écrémé/id1/455/34919"><h2>AUCHAN BIO</h2><h4>Lait demi-écrémé</h4><h4></h4><p>
6 x 1 l
<br/>
0.98€/l
</p></a></div><div class="mini_picto_bas"><!-- FIXME IDEM --><span class="com.atosworldline.ri.auchan.direct.front.tapestry.data.multimedia.Picture@674e43e1 pictoListing txtImg">XXXXX</span><!-- FIXME IDEM --><span class="com.atosworldline.ri.auchan.direct.front.tapestry.data.multimedia.Picture@434a9dc3 pictoListing txtImg">XXXXX</span></div></div></div></td><td><!-- PL : ici --><div class="bloc-produit produit-auchan"><div class="bloc-produit-content   "><a title="Voir le produit" href="http://www.auchandirect.fr/bio-ecolo/boissons-bio/lait-demi-écrémé/id1/455/52450"><img src="http://www.auchandirect.fr/static/images/products/line/52450.jpg" alt="" class="produit "/></a><div class="picto"><span class="invisible"></span></div><div class="boutons-produit"><a id="addProductToBasket_7" onclick="javascript:Tapestry.waitForPage(event);" title="Ajouter au panier" class="bt-produit-ajout-panier" href="http://www.auchandirect.fr/rayon.productgridorlist.productlist_1.thumbnailproduct_0.addproducttobasket/52450?t:ac=605"><span>Ajouter au panier</span></a><a id="addProductToShoppingList_7" onclick="javascript:Tapestry.waitForPage(event);" title="Ajouter à ma liste" class="bt-produit-ajout-liste" href="http://www.auchandirect.fr/rayon.productgridorlist.productlist_1.thumbnailproduct_0.addproducttoshoppinglist/52450?t:ac=605">Ajouter à ma liste</a></div><div class="infos-produit-1"><div class="prix-actuel"><span>1.16€</span></div></div><div class="infos-produit-2"><a title="Voir le produit" href="http://www.auchandirect.fr/bio-ecolo/boissons-bio/lait-demi-écrémé/id1/455/52450"><h2>AUCHAN BIO</h2><h4>Lait demi-écrémé</h4><h4></h4><p>
1 l
<br/>
1.16€/l
</p></a></div><div class="mini_picto_bas"><!-- FIXME IDEM --><span class="com.atosworldline.ri.auchan.direct.front.tapestry.data.multimedia.Picture@57bb8fb8 pictoListing txtImg">XXXXX</span><!-- FIXME IDEM --><span class="com.atosworldline.ri.auchan.direct.front.tapestry.data.multimedia.Picture@5ad8a607 pictoListing txtImg">XXXXX</span></div></div></div></td></tr><tr><td><!-- PL : ici --><div class="bloc-produit produit-auchan"><div class="bloc-produit-content   "><a title="Voir le produit" href="http://www.auchandirect.fr/bio-ecolo/boissons-bio/lait-frais-entier/id1/455/59680"><img src="http://www.auchandirect.fr/static/images/products/line/59680.jpg" alt="" class="produit "/></a><div class="picto"><span class="invisible"></span></div><div class="boutons-produit"><a id="addProductToBasket_8" onclick="javascript:Tapestry.waitForPage(event);" title="Ajouter au panier" class="bt-produit-ajout-panier" href="http://www.auchandirect.fr/rayon.productgridorlist.productlist_1.thumbnailproduct_0.addproducttobasket/59680?t:ac=605"><span>Ajouter au panier</span></a><a id="addProductToShoppingList_8" onclick="javascript:Tapestry.waitForPage(event);" title="Ajouter à ma liste" class="bt-produit-ajout-liste" href="http://www.auchandirect.fr/rayon.productgridorlist.productlist_1.thumbnailproduct_0.addproducttoshoppinglist/59680?t:ac=605">Ajouter à ma liste</a></div><div class="infos-produit-1"><div class="prix-actuel"><span>1.34€</span></div></div><div class="infos-produit-2"><a title="Voir le produit" href="http://www.auchandirect.fr/bio-ecolo/boissons-bio/lait-frais-entier/id1/455/59680"><h2>AUCHAN BIO</h2><h4>Lait frais entier</h4><h4></h4><p>
1 l
<br/>
1.34€/l
</p></a></div><div class="mini_picto_bas"><!-- FIXME IDEM --><span class="com.atosworldline.ri.auchan.direct.front.tapestry.data.multimedia.Picture@457c4429 pictoListing txtImg">XXXXX</span><!-- FIXME IDEM --><span class="com.atosworldline.ri.auchan.direct.front.tapestry.data.multimedia.Picture@615f0362 pictoListing txtImg">XXXXX</span><!-- FIXME IDEM --><span class="com.atosworldline.ri.auchan.direct.front.tapestry.data.multimedia.Picture@24d748df pictoListing txtImg">XXXXX</span></div></div></div></td><td><!-- PL : ici --><div class="bloc-produit produit-auchan"><div class="bloc-produit-content   "><a title="Voir le produit" href="http://www.auchandirect.fr/bio-ecolo/boissons-bio/boisson-soja/id1/455/45527"><img src="http://www.auchandirect.fr/static/images/products/line/45527.jpg" alt="" class="produit "/></a><div class="picto"><span class="invisible"></span></div><div class="boutons-produit"><a id="addProductToBasket_9" onclick="javascript:Tapestry.waitForPage(event);" title="Ajouter au panier" class="bt-produit-ajout-panier" href="http://www.auchandirect.fr/rayon.productgridorlist.productlist_1.thumbnailproduct_0.addproducttobasket/45527?t:ac=605"><span>Ajouter au panier</span></a><a id="addProductToShoppingList_9" onclick="javascript:Tapestry.waitForPage(event);" title="Ajouter à ma liste" class="bt-produit-ajout-liste" href="http://www.auchandirect.fr/rayon.productgridorlist.productlist_1.thumbnailproduct_0.addproducttoshoppinglist/45527?t:ac=605">Ajouter à ma liste</a></div><div class="infos-produit-1"><div class="prix-actuel"><span>1.21€</span></div></div><div class="infos-produit-2"><a title="Voir le produit" href="http://www.auchandirect.fr/bio-ecolo/boissons-bio/boisson-soja/id1/455/45527"><h2>AUCHAN BIO</h2><h4>Boisson soja</h4><h4>Cacao</h4><p>
1 l
<br/>
1.21€/l
</p></a></div><div class="mini_picto_bas"><!-- FIXME IDEM --><span class="com.atosworldline.ri.auchan.direct.front.tapestry.data.multimedia.Picture@5470b1ef pictoListing txtImg">XXXXX</span></div></div></div></td><td><!-- PL : ici --><div class="bloc-produit produit-auchan"><div class="bloc-produit-content   "><a title="Voir le produit" href="http://www.auchandirect.fr/bio-ecolo/boissons-bio/boisson-soja/id1/455/35023"><img src="http://www.auchandirect.fr/static/images/products/line/35023.jpg" alt="" class="produit "/></a><div class="picto"><span class="invisible"></span></div><div class="boutons-produit"><a id="addProductToBasket_10" onclick="javascript:Tapestry.waitForPage(event);" title="Ajouter au panier" class="bt-produit-ajout-panier" href="http://www.auchandirect.fr/rayon.productgridorlist.productlist_1.thumbnailproduct_0.addproducttobasket/35023?t:ac=605"><span>Ajouter au panier</span></a><a id="addProductToShoppingList_10" onclick="javascript:Tapestry.waitForPage(event);" title="Ajouter à ma liste" class="bt-produit-ajout-liste" href="http://www.auchandirect.fr/rayon.productgridorlist.productlist_1.thumbnailproduct_0.addproducttoshoppinglist/35023?t:ac=605">Ajouter à ma liste</a></div><div class="infos-produit-1"><div class="prix-actuel"><span>0.99€</span></div></div><div class="infos-produit-2"><a title="Voir le produit" href="http://www.auchandirect.fr/bio-ecolo/boissons-bio/boisson-soja/id1/455/35023"><h2>AUCHAN BIO</h2><h4>Boisson soja</h4><h4>Vanille</h4><p>
1 l
<br/>
0.99€/l
</p></a></div><div class="mini_picto_bas"><!-- FIXME IDEM --><span class="com.atosworldline.ri.auchan.direct.front.tapestry.data.multimedia.Picture@3f4d1188 pictoListing txtImg">XXXXX</span></div></div></div></td></tr><tr><td><!-- PL : ici --><div class="bloc-produit produit-auchan"><div class="bloc-produit-content   "><a title="Voir le produit" href="http://www.auchandirect.fr/bio-ecolo/boissons-bio/boisson-au-soja-calcium/id1/455/35024"><img src="http://www.auchandirect.fr/static/images/products/line/35024.jpg" alt="" class="produit "/></a><div class="picto"><span class="invisible"></span></div><div class="boutons-produit"><a id="addProductToBasket_11" onclick="javascript:Tapestry.waitForPage(event);" title="Ajouter au panier" class="bt-produit-ajout-panier" href="http://www.auchandirect.fr/rayon.productgridorlist.productlist_1.thumbnailproduct_0.addproducttobasket/35024?t:ac=605"><span>Ajouter au panier</span></a><a id="addProductToShoppingList_11" onclick="javascript:Tapestry.waitForPage(event);" title="Ajouter à ma liste" class="bt-produit-ajout-liste" href="http://www.auchandirect.fr/rayon.productgridorlist.productlist_1.thumbnailproduct_0.addproducttoshoppinglist/35024?t:ac=605">Ajouter à ma liste</a></div><div class="infos-produit-1"><div class="prix-actuel"><span>0.99€</span></div></div><div class="infos-produit-2"><a title="Voir le produit" href="http://www.auchandirect.fr/bio-ecolo/boissons-bio/boisson-au-soja-calcium/id1/455/35024"><h2>AUCHAN BIO</h2><h4>Boisson au soja calcium</h4><h4>Nature</h4><p>
1 l
<br/>
0.99€/l
</p></a></div><div class="mini_picto_bas"><!-- FIXME IDEM --><span class="com.atosworldline.ri.auchan.direct.front.tapestry.data.multimedia.Picture@3d89e538 pictoListing txtImg">XXXXX</span><!-- FIXME IDEM --><span class="com.atosworldline.ri.auchan.direct.front.tapestry.data.multimedia.Picture@2827df18 pictoListing txtImg">XXXXX</span></div></div></div></td><td><!-- PL : ici --><div class="bloc-produit produit-auchan"><div class="bloc-produit-content   "><a title="Voir le produit" href="http://www.auchandirect.fr/bio-ecolo/bébé-bio/croissance-(de-12-mois-à-3-ans)/id1/454/92227"><img src="http://www.auchandirect.fr/static/images/products/line/92227.jpg" alt="" class="produit "/></a><div class="picto"><span class="invisible"></span></div><div class="boutons-produit"><a id="addProductToBasket_12" onclick="javascript:Tapestry.waitForPage(event);" title="Ajouter au panier" class="bt-produit-ajout-panier" href="http://www.auchandirect.fr/rayon.productgridorlist.productlist_1.thumbnailproduct_0.addproducttobasket/92227?t:ac=605"><span>Ajouter au panier</span></a><a id="addProductToShoppingList_12" onclick="javascript:Tapestry.waitForPage(event);" title="Ajouter à ma liste" class="bt-produit-ajout-liste" href="http://www.auchandirect.fr/rayon.productgridorlist.productlist_1.thumbnailproduct_0.addproducttoshoppinglist/92227?t:ac=605">Ajouter à ma liste</a></div><div class="infos-produit-1"><div class="prix-actuel"><span>10.97€</span></div></div><div class="infos-produit-2"><a title="Voir le produit" href="http://www.auchandirect.fr/bio-ecolo/bébé-bio/croissance-(de-12-mois-à-3-ans)/id1/454/92227"><h2>AUCHAN BIO</h2><h4>Croissance (de 12 mois à 3 ans)</h4><h4></h4><p>
6 x 1 l
<br/>
1.83€/l
</p></a></div><div class="mini_picto_bas"><!-- FIXME IDEM --><span class="com.atosworldline.ri.auchan.direct.front.tapestry.data.multimedia.Picture@596ca6a1 pictoListing txtImg">XXXXX</span></div></div></div></td><td><!-- PL : ici --><div class="bloc-produit "><div class="bloc-produit-content   "><a title="Voir le produit" href="http://www.auchandirect.fr/bio-ecolo/bébé-bio/croissance-(de-10-mois-à-3-ans)/id1/454/60311"><img src="http://www.auchandirect.fr/static/images/products/line/60311.jpg" alt="" class="produit "/></a><div class="picto"><span class="invisible"></span></div><div class="boutons-produit"><a id="addProductToBasket_13" onclick="javascript:Tapestry.waitForPage(event);" title="Ajouter au panier" class="bt-produit-ajout-panier" href="http://www.auchandirect.fr/rayon.productgridorlist.productlist_1.thumbnailproduct_0.addproducttobasket/60311?t:ac=605"><span>Ajouter au panier</span></a><a id="addProductToShoppingList_13" onclick="javascript:Tapestry.waitForPage(event);" title="Ajouter à ma liste" class="bt-produit-ajout-liste" href="http://www.auchandirect.fr/rayon.productgridorlist.productlist_1.thumbnailproduct_0.addproducttoshoppinglist/60311?t:ac=605">Ajouter à ma liste</a></div><div class="infos-produit-1"><div class="prix-actuel"><span>15.99€</span></div></div><div class="infos-produit-2"><a title="Voir le produit" href="http://www.auchandirect.fr/bio-ecolo/bébé-bio/croissance-(de-10-mois-à-3-ans)/id1/454/60311"><h2>BABYBIO</h2><h4>Croissance (de 10 mois à 3 ans)</h4><h4></h4><p>
6 x 1 l
<br/>
2.67€/l
</p></a></div><div class="mini_picto_bas"><!-- FIXME IDEM --><span class="com.atosworldline.ri.auchan.direct.front.tapestry.data.multimedia.Picture@33629739 pictoListing txtImg">XXXXX</span><!-- FIXME IDEM --><span class="com.atosworldline.ri.auchan.direct.front.tapestry.data.multimedia.Picture@db6398a pictoListing txtImg">XXXXX</span></div></div></div></td></tr><tr><td><!-- PL : ici --><div class="bloc-produit "><div class="bloc-produit-content   "><a title="Voir le produit" href="http://www.auchandirect.fr/bio-ecolo/bébé-bio/croissance-en-poudre-(de-10-mois-à-3-ans)/id1/454/60310"><img src="http://www.auchandirect.fr/static/images/products/line/60310.jpg" alt="" class="produit "/></a><div class="picto"><span class="invisible"></span></div><div class="boutons-produit"><a id="addProductToBasket_14" onclick="javascript:Tapestry.waitForPage(event);" title="Ajouter au panier" class="bt-produit-ajout-panier" href="http://www.auchandirect.fr/rayon.productgridorlist.productlist_1.thumbnailproduct_0.addproducttobasket/60310?t:ac=605"><span>Ajouter au panier</span></a><a id="addProductToShoppingList_14" onclick="javascript:Tapestry.waitForPage(event);" title="Ajouter à ma liste" class="bt-produit-ajout-liste" href="http://www.auchandirect.fr/rayon.productgridorlist.productlist_1.thumbnailproduct_0.addproducttoshoppinglist/60310?t:ac=605">Ajouter à ma liste</a></div><div class="infos-produit-1"><div class="prix-actuel"><span>17.99€</span></div></div><div class="infos-produit-2"><a title="Voir le produit" href="http://www.auchandirect.fr/bio-ecolo/bébé-bio/croissance-en-poudre-(de-10-mois-à-3-ans)/id1/454/60310"><h2>BABYBIO</h2><h4>Croissance en poudre (de 10 mois à 3 ans)</h4><h4></h4><p>
900 g
<br/>
19.99€/kg
</p></a></div><div class="mini_picto_bas"><!-- FIXME IDEM --><span class="com.atosworldline.ri.auchan.direct.front.tapestry.data.multimedia.Picture@367b9a0e pictoListing txtImg">XXXXX</span></div></div></div></td><td><!-- PL : ici --><div class="bloc-produit "><div class="bloc-produit-content   "><a title="Voir le produit" href="http://www.auchandirect.fr/bio-ecolo/boissons-bio/boisson-soja-bio/id1/455/1300"><img src="http://www.auchandirect.fr/static/images/products/line/1300.jpg" alt="" class="produit "/></a><div class="picto"><span class="invisible"></span></div><div class="boutons-produit"><a id="addProductToBasket_15" onclick="javascript:Tapestry.waitForPage(event);" title="Ajouter au panier" class="bt-produit-ajout-panier" href="http://www.auchandirect.fr/rayon.productgridorlist.productlist_1.thumbnailproduct_0.addproducttobasket/1300?t:ac=605"><span>Ajouter au panier</span></a><a id="addProductToShoppingList_15" onclick="javascript:Tapestry.waitForPage(event);" title="Ajouter à ma liste" class="bt-produit-ajout-liste" href="http://www.auchandirect.fr/rayon.productgridorlist.productlist_1.thumbnailproduct_0.addproducttoshoppinglist/1300?t:ac=605">Ajouter à ma liste</a></div><div class="infos-produit-1"><div class="prix-actuel"><span>2.51€</span></div></div><div class="infos-produit-2"><a title="Voir le produit" href="http://www.auchandirect.fr/bio-ecolo/boissons-bio/boisson-soja-bio/id1/455/1300"><h2>BJORG</h2><h4>Boisson soja bio</h4><h4>Vanille</h4><p>
1 l
<br/>
2.51€/l
</p></a></div><div class="mini_picto_bas"><!-- FIXME IDEM --><span class="com.atosworldline.ri.auchan.direct.front.tapestry.data.multimedia.Picture@4373dfb1 pictoListing txtImg">XXXXX</span><!-- FIXME IDEM --><span class="com.atosworldline.ri.auchan.direct.front.tapestry.data.multimedia.Picture@6c63000f pictoListing txtImg">XXXXX</span></div></div></div></td><td><!-- PL : ici --><div class="bloc-produit "><div class="bloc-produit-content   "><a title="Voir le produit" href="http://www.auchandirect.fr/bio-ecolo/boissons-bio/boisson-soja-bio/id1/455/38417"><img src="http://www.auchandirect.fr/static/images/products/line/38417.jpg" alt="" class="produit "/></a><div class="picto"><span class="invisible"></span></div><div class="boutons-produit"><a id="addProductToBasket_16" onclick="javascript:Tapestry.waitForPage(event);" title="Ajouter au panier" class="bt-produit-ajout-panier" href="http://www.auchandirect.fr/rayon.productgridorlist.productlist_1.thumbnailproduct_0.addproducttobasket/38417?t:ac=605"><span>Ajouter au panier</span></a><a id="addProductToShoppingList_16" onclick="javascript:Tapestry.waitForPage(event);" title="Ajouter à ma liste" class="bt-produit-ajout-liste" href="http://www.auchandirect.fr/rayon.productgridorlist.productlist_1.thumbnailproduct_0.addproducttoshoppinglist/38417?t:ac=605">Ajouter à ma liste</a></div><div class="infos-produit-1"><div class="prix-actuel"><span>2.77€</span></div></div><div class="infos-produit-2"><a title="Voir le produit" href="http://www.auchandirect.fr/bio-ecolo/boissons-bio/boisson-soja-bio/id1/455/38417"><h2>BJORG</h2><h4>Boisson soja bio</h4><h4>Chocolat</h4><p>
3 x 25 cl
<br/>
3.69€/l
</p></a></div><div class="mini_picto_bas"><!-- FIXME IDEM --><span class="com.atosworldline.ri.auchan.direct.front.tapestry.data.multimedia.Picture@2023b8e pictoListing txtImg">XXXXX</span><!-- FIXME IDEM --><span class="com.atosworldline.ri.auchan.direct.front.tapestry.data.multimedia.Picture@6093e8a9 pictoListing txtImg">XXXXX</span></div></div></div></td></tr><tr><td><!-- PL : ici --><div class="bloc-produit "><div class="bloc-produit-content   "><a title="Voir le produit" href="http://www.auchandirect.fr/bio-ecolo/boissons-bio/boisson-riz/id1/455/26485"><img src="http://www.auchandirect.fr/static/images/products/line/26485.jpg" alt="" class="produit "/></a><div class="picto"><span class="invisible"></span></div><div class="boutons-produit"><a id="addProductToBasket_17" onclick="javascript:Tapestry.waitForPage(event);" title="Ajouter au panier" class="bt-produit-ajout-panier" href="http://www.auchandirect.fr/rayon.productgridorlist.productlist_1.thumbnailproduct_0.addproducttobasket/26485?t:ac=605"><span>Ajouter au panier</span></a><a id="addProductToShoppingList_17" onclick="javascript:Tapestry.waitForPage(event);" title="Ajouter à ma liste" class="bt-produit-ajout-liste" href="http://www.auchandirect.fr/rayon.productgridorlist.productlist_1.thumbnailproduct_0.addproducttoshoppinglist/26485?t:ac=605">Ajouter à ma liste</a></div><div class="infos-produit-1"><div class="prix-actuel"><span>2.43€</span></div></div><div class="infos-produit-2"><a title="Voir le produit" href="http://www.auchandirect.fr/bio-ecolo/boissons-bio/boisson-riz/id1/455/26485"><h2>BJORG</h2><h4>Boisson riz</h4><h4>Nature</h4><p>
1 l
<br/>
2.43€/l
</p></a></div><div class="mini_picto_bas"><!-- FIXME IDEM --><span class="com.atosworldline.ri.auchan.direct.front.tapestry.data.multimedia.Picture@377a47a1 pictoListing txtImg">XXXXX</span><!-- FIXME IDEM --><span class="com.atosworldline.ri.auchan.direct.front.tapestry.data.multimedia.Picture@3cf4b77b pictoListing txtImg">XXXXX</span></div></div></div></td><td><!-- PL : ici --><div class="bloc-produit "><div class="bloc-produit-content   "><a title="Voir le produit" href="http://www.auchandirect.fr/bio-ecolo/boissons-bio/boisson-soja-bio/id1/455/8163"><img src="http://www.auchandirect.fr/static/images/products/line/8163.jpg" alt="" class="produit "/></a><div class="picto"><span class="invisible"></span></div><div class="boutons-produit"><a id="addProductToBasket_18" onclick="javascript:Tapestry.waitForPage(event);" title="Ajouter au panier" class="bt-produit-ajout-panier" href="http://www.auchandirect.fr/rayon.productgridorlist.productlist_1.thumbnailproduct_0.addproducttobasket/8163?t:ac=605"><span>Ajouter au panier</span></a><a id="addProductToShoppingList_18" onclick="javascript:Tapestry.waitForPage(event);" title="Ajouter à ma liste" class="bt-produit-ajout-liste" href="http://www.auchandirect.fr/rayon.productgridorlist.productlist_1.thumbnailproduct_0.addproducttoshoppinglist/8163?t:ac=605">Ajouter à ma liste</a></div><div class="infos-produit-1"><div class="prix-actuel"><span>2.00€</span></div></div><div class="infos-produit-2"><a title="Voir le produit" href="http://www.auchandirect.fr/bio-ecolo/boissons-bio/boisson-soja-bio/id1/455/8163"><h2>BJORG</h2><h4>Boisson soja Bio</h4><h4>Douceur calcium</h4><p>
1 l
<br/>
2.00€/l
</p></a></div><div class="mini_picto_bas"><!-- FIXME IDEM --><span class="com.atosworldline.ri.auchan.direct.front.tapestry.data.multimedia.Picture@6cc934ee pictoListing txtImg">XXXXX</span><!-- FIXME IDEM --><span class="com.atosworldline.ri.auchan.direct.front.tapestry.data.multimedia.Picture@db22d0e pictoListing txtImg">XXXXX</span></div></div></div></td><td><!-- PL : ici --><div class="bloc-produit "><div class="bloc-produit-content   "><a title="Voir le produit" href="http://www.auchandirect.fr/bio-ecolo/boissons-bio/boisson-soja-bio/id1/455/1299"><img src="http://www.auchandirect.fr/static/images/products/line/1299.jpg" alt="" class="produit "/></a><div class="picto"><span class="invisible"></span></div><div class="boutons-produit"><a id="addProductToBasket_19" onclick="javascript:Tapestry.waitForPage(event);" title="Ajouter au panier" class="bt-produit-ajout-panier" href="http://www.auchandirect.fr/rayon.productgridorlist.productlist_1.thumbnailproduct_0.addproducttobasket/1299?t:ac=605"><span>Ajouter au panier</span></a><a id="addProductToShoppingList_19" onclick="javascript:Tapestry.waitForPage(event);" title="Ajouter à ma liste" class="bt-produit-ajout-liste" href="http://www.auchandirect.fr/rayon.productgridorlist.productlist_1.thumbnailproduct_0.addproducttoshoppinglist/1299?t:ac=605">Ajouter à ma liste</a></div><div class="infos-produit-1"><div class="prix-actuel"><span>1.85€</span></div></div><div class="infos-produit-2"><a title="Voir le produit" href="http://www.auchandirect.fr/bio-ecolo/boissons-bio/boisson-soja-bio/id1/455/1299"><h2>BJORG</h2><h4>Boisson soja bio</h4><h4>Nature</h4><p>
1 l
<br/>
1.85€/l
</p></a></div><div class="mini_picto_bas"><!-- FIXME IDEM --><span class="com.atosworldline.ri.auchan.direct.front.tapestry.data.multimedia.Picture@4e72c801 pictoListing txtImg">XXXXX</span><!-- FIXME IDEM --><span class="com.atosworldline.ri.auchan.direct.front.tapestry.data.multimedia.Picture@51a8e1e3 pictoListing txtImg">XXXXX</span></div></div></div></td></tr><tr><td><!-- PL : ici --><div class="bloc-produit "><div class="bloc-produit-content   "><a title="Voir le produit" href="http://www.auchandirect.fr/bio-ecolo/boissons-bio/boisson-amandes/id1/455/39315"><img src="http://www.auchandirect.fr/static/images/products/line/39315.jpg" alt="" class="produit "/></a><div class="picto"><span class="invisible"></span></div><div class="boutons-produit"><a id="addProductToBasket_20" onclick="javascript:Tapestry.waitForPage(event);" title="Ajouter au panier" class="bt-produit-ajout-panier" href="http://www.auchandirect.fr/rayon.productgridorlist.productlist_1.thumbnailproduct_0.addproducttobasket/39315?t:ac=605"><span>Ajouter au panier</span></a><a id="addProductToShoppingList_20" onclick="javascript:Tapestry.waitForPage(event);" title="Ajouter à ma liste" class="bt-produit-ajout-liste" href="http://www.auchandirect.fr/rayon.productgridorlist.productlist_1.thumbnailproduct_0.addproducttoshoppinglist/39315?t:ac=605">Ajouter à ma liste</a></div><div class="infos-produit-1"><div class="prix-actuel"><span>3.19€</span></div></div><div class="infos-produit-2"><a title="Voir le produit" href="http://www.auchandirect.fr/bio-ecolo/boissons-bio/boisson-amandes/id1/455/39315"><h2>BJORG</h2><h4>Boisson amandes</h4><h4></h4><p>
1 l
<br/>
3.19€/l
</p></a></div><div class="mini_picto_bas"><!-- FIXME IDEM --><span class="com.atosworldline.ri.auchan.direct.front.tapestry.data.multimedia.Picture@6e4d48e pictoListing txtImg">XXXXX</span></div></div></div></td><td><!-- PL : ici --><div class="bloc-produit "><div class="bloc-produit-content   "><a title="Voir le produit" href="http://www.auchandirect.fr/bébé/laits-bébé/croissance-(dès-10-mois)/id1/487/60713"><img src="http://www.auchandirect.fr/static/images/products/line/60713.jpg" alt="" class="produit "/></a><div class="picto"><span class="invisible"></span></div><div class="boutons-produit"><a id="addProductToBasket_21" onclick="javascript:Tapestry.waitForPage(event);" title="Ajouter au panier" class="bt-produit-ajout-panier" href="http://www.auchandirect.fr/rayon.productgridorlist.productlist_1.thumbnailproduct_0.addproducttobasket/60713?t:ac=605"><span>Ajouter au panier</span></a><a id="addProductToShoppingList_21" onclick="javascript:Tapestry.waitForPage(event);" title="Ajouter à ma liste" class="bt-produit-ajout-liste" href="http://www.auchandirect.fr/rayon.productgridorlist.productlist_1.thumbnailproduct_0.addproducttoshoppinglist/60713?t:ac=605">Ajouter à ma liste</a></div><div class="infos-produit-1"><div class="prix-actuel"><span>9.38€</span></div></div><div class="infos-produit-2"><a title="Voir le produit" href="http://www.auchandirect.fr/bébé/laits-bébé/croissance-(dès-10-mois)/id1/487/60713"><h2>BLEDINA</h2><h4>Croissance (dès 10 mois)</h4><h4>Nature</h4><p>
4 x 1 l
<br/>
2.35€/l
</p></a></div><div class="mini_picto_bas"><!-- FIXME IDEM --><span class="com.atosworldline.ri.auchan.direct.front.tapestry.data.multimedia.Picture@193eba2b pictoListing txtImg">XXXXX</span></div></div></div></td><td><!-- PL : ici --><div class="bloc-produit "><div class="bloc-produit-content   "><a title="Voir le produit" href="http://www.auchandirect.fr/bébé/laits-bébé/croissance-(dès-10-mois)/id1/487/58073"><img src="http://www.auchandirect.fr/static/images/products/line/58073.jpg" alt="" class="produit "/></a><div class="picto"><span class="invisible"></span></div><div class="boutons-produit"><a id="addProductToBasket_22" onclick="javascript:Tapestry.waitForPage(event);" title="Ajouter au panier" class="bt-produit-ajout-panier" href="http://www.auchandirect.fr/rayon.productgridorlist.productlist_1.thumbnailproduct_0.addproducttobasket/58073?t:ac=605"><span>Ajouter au panier</span></a><a id="addProductToShoppingList_22" onclick="javascript:Tapestry.waitForPage(event);" title="Ajouter à ma liste" class="bt-produit-ajout-liste" href="http://www.auchandirect.fr/rayon.productgridorlist.productlist_1.thumbnailproduct_0.addproducttoshoppinglist/58073?t:ac=605">Ajouter à ma liste</a></div><div class="infos-produit-1"><div class="prix-actuel"><span>12.99€</span></div></div><div class="infos-produit-2"><a title="Voir le produit" href="http://www.auchandirect.fr/bébé/laits-bébé/croissance-(dès-10-mois)/id1/487/58073"><h2>BLEDINA</h2><h4>Croissance (dès 10 mois)</h4><h4>Blédilait</h4><p>
6 x 1 l
<br/>
2.17€/l
</p></a></div><div class="mini_picto_bas"><!-- FIXME IDEM --><span class="com.atosworldline.ri.auchan.direct.front.tapestry.data.multimedia.Picture@7effb082 pictoListing txtImg">XXXXX</span></div></div></div></td></tr><tr><td><!-- PL : ici --><div class="bloc-produit "><div class="bloc-produit-content   "><a title="Voir le produit" href="http://www.auchandirect.fr/bébé/laits-bébé/croissance-(dès-12-mois)/id1/487/55678"><img src="http://www.auchandirect.fr/static/images/products/line/55678.jpg" alt="" class="produit "/></a><div class="picto"><span class="invisible"></span></div><div class="boutons-produit"><a id="addProductToBasket_23" onclick="javascript:Tapestry.waitForPage(event);" title="Ajouter au panier" class="bt-produit-ajout-panier" href="http://www.auchandirect.fr/rayon.productgridorlist.productlist_1.thumbnailproduct_0.addproducttobasket/55678?t:ac=605"><span>Ajouter au panier</span></a><a id="addProductToShoppingList_23" onclick="javascript:Tapestry.waitForPage(event);" title="Ajouter à ma liste" class="bt-produit-ajout-liste" href="http://www.auchandirect.fr/rayon.productgridorlist.productlist_1.thumbnailproduct_0.addproducttoshoppinglist/55678?t:ac=605">Ajouter à ma liste</a></div><div class="infos-produit-1"><div class="prix-actuel"><span>12.24€</span></div></div><div class="infos-produit-2"><a title="Voir le produit" href="http://www.auchandirect.fr/bébé/laits-bébé/croissance-(dès-12-mois)/id1/487/55678"><h2>BLEDINA</h2><h4>Croissance (dès 12 mois)</h4><h4>Croissance</h4><p>
900 g
<br/>
13.60€/kg
</p></a></div><div class="mini_picto_bas"><!-- FIXME IDEM --><span class="com.atosworldline.ri.auchan.direct.front.tapestry.data.multimedia.Picture@449d67f1 pictoListing txtImg">XXXXX</span></div></div></div></td><td><!-- PL : ici --><div class="bloc-produit "><div class="bloc-produit-content   "><a title="Voir le produit" href="http://www.auchandirect.fr/bébé/laits-bébé/croissance-(10-mois-à-3-ans)/id1/487/2636"><img src="http://www.auchandirect.fr/static/images/products/line/2636.jpg" alt="" class="produit "/></a><div class="picto"><span class="invisible"></span></div><div class="boutons-produit"><a id="addProductToBasket_24" onclick="javascript:Tapestry.waitForPage(event);" title="Ajouter au panier" class="bt-produit-ajout-panier" href="http://www.auchandirect.fr/rayon.productgridorlist.productlist_1.thumbnailproduct_0.addproducttobasket/2636?t:ac=605"><span>Ajouter au panier</span></a><a id="addProductToShoppingList_24" onclick="javascript:Tapestry.waitForPage(event);" title="Ajouter à ma liste" class="bt-produit-ajout-liste" href="http://www.auchandirect.fr/rayon.productgridorlist.productlist_1.thumbnailproduct_0.addproducttoshoppinglist/2636?t:ac=605">Ajouter à ma liste</a></div><div class="infos-produit-1"><div class="prix-actuel"><span>4.94€</span></div></div><div class="infos-produit-2"><a title="Voir le produit" href="http://www.auchandirect.fr/bébé/laits-bébé/croissance-(10-mois-à-3-ans)/id1/487/2636"><h2>BLEDINA</h2><h4>Croissance (10 mois à 3 ans)</h4><h4>Blédilait</h4><p>
4 x 500 ml
<br/>
2.47€/l
</p></a></div><div class="mini_picto_bas"><!-- FIXME IDEM --><span class="com.atosworldline.ri.auchan.direct.front.tapestry.data.multimedia.Picture@4c628af0 pictoListing txtImg">XXXXX</span></div></div></div></td><td><!-- PL : ici --><div class="bloc-produit "><div class="bloc-produit-content   "><a title="Voir le produit" href="http://www.auchandirect.fr/bébé/laits-bébé/croissance-au-chocolat-(de-10-mois-à-3-ans)/id1/487/13865"><img src="http://www.auchandirect.fr/static/images/products/line/13865.jpg" alt="" class="produit "/></a><div class="picto"><span class="invisible"></span></div><div class="boutons-produit"><a id="addProductToBasket_25" onclick="javascript:Tapestry.waitForPage(event);" title="Ajouter au panier" class="bt-produit-ajout-panier" href="http://www.auchandirect.fr/rayon.productgridorlist.productlist_1.thumbnailproduct_0.addproducttobasket/13865?t:ac=605"><span>Ajouter au panier</span></a><a id="addProductToShoppingList_25" onclick="javascript:Tapestry.waitForPage(event);" title="Ajouter à ma liste" class="bt-produit-ajout-liste" href="http://www.auchandirect.fr/rayon.productgridorlist.productlist_1.thumbnailproduct_0.addproducttoshoppinglist/13865?t:ac=605">Ajouter à ma liste</a></div><div class="infos-produit-1"><div class="prix-actuel"><span>5.55€</span></div></div><div class="infos-produit-2"><a title="Voir le produit" href="http://www.auchandirect.fr/bébé/laits-bébé/croissance-au-chocolat-(de-10-mois-à-3-ans)/id1/487/13865"><h2>BLEDINA</h2><h4>Croissance au chocolat (de 10 mois à 3 ans)</h4><h4>Blédilait</h4><p>
4 x 500 ml
<br/>
2.78€/l
</p></a></div><div class="mini_picto_bas"><!-- FIXME IDEM --><span class="com.atosworldline.ri.auchan.direct.front.tapestry.data.multimedia.Picture@6aeb553a pictoListing txtImg">XXXXX</span></div></div></div></td></tr><tr><td><!-- PL : ici --><div class="bloc-produit "><div class="bloc-produit-content   "><a title="Voir le produit" href="http://www.auchandirect.fr/petit-déjeuner-epicerie-sucrée/petit-déjeuner/boisson-lactée/id1/484/12106"><img src="http://www.auchandirect.fr/static/images/products/line/12106.jpg" alt="" class="produit "/></a><div class="picto"><span class="invisible"></span></div><div class="boutons-produit"><a id="addProductToBasket_26" onclick="javascript:Tapestry.waitForPage(event);" title="Ajouter au panier" class="bt-produit-ajout-panier" href="http://www.auchandirect.fr/rayon.productgridorlist.productlist_1.thumbnailproduct_0.addproducttobasket/12106?t:ac=605"><span>Ajouter au panier</span></a><a id="addProductToShoppingList_26" onclick="javascript:Tapestry.waitForPage(event);" title="Ajouter à ma liste" class="bt-produit-ajout-liste" href="http://www.auchandirect.fr/rayon.productgridorlist.productlist_1.thumbnailproduct_0.addproducttoshoppinglist/12106?t:ac=605">Ajouter à ma liste</a></div><div class="infos-produit-1"><div class="prix-actuel"><span>4.80€</span></div></div><div class="infos-produit-2"><a title="Voir le produit" href="http://www.auchandirect.fr/petit-déjeuner-epicerie-sucrée/petit-déjeuner/boisson-lactée/id1/484/12106"><h2>CACOLAC</h2><h4>Boisson lactée</h4><h4>Cacao</h4><p>
8 x 20 cl
<br/>
3.00€/l
</p></a></div><div class="mini_picto_bas"><!-- FIXME IDEM --><span class="com.atosworldline.ri.auchan.direct.front.tapestry.data.multimedia.Picture@3bfe22eb pictoListing txtImg">XXXXX</span></div></div></div></td><td><!-- PL : ici --><div class="bloc-produit "><div class="bloc-produit-content   "><a title="Voir le produit" href="http://www.auchandirect.fr/petit-déjeuner-epicerie-sucrée/petit-déjeuner/grandlait,-lait-demi-écrémé/id1/484/4726"><img src="http://www.auchandirect.fr/static/images/products/line/4726.jpg" alt="" class="produit "/></a><div class="picto"><span class="invisible"></span></div><div class="boutons-produit"><a id="addProductToBasket_27" onclick="javascript:Tapestry.waitForPage(event);" title="Ajouter au panier" class="bt-produit-ajout-panier" href="http://www.auchandirect.fr/rayon.productgridorlist.productlist_1.thumbnailproduct_0.addproducttobasket/4726?t:ac=605"><span>Ajouter au panier</span></a><a id="addProductToShoppingList_27" onclick="javascript:Tapestry.waitForPage(event);" title="Ajouter à ma liste" class="bt-produit-ajout-liste" href="http://www.auchandirect.fr/rayon.productgridorlist.productlist_1.thumbnailproduct_0.addproducttoshoppinglist/4726?t:ac=605">Ajouter à ma liste</a></div><div class="infos-produit-1"><div class="prix-actuel"><span>6.80€</span></div></div><div class="infos-produit-2"><a title="Voir le produit" href="http://www.auchandirect.fr/petit-déjeuner-epicerie-sucrée/petit-déjeuner/grandlait,-lait-demi-écrémé/id1/484/4726"><h2>CANDIA</h2><h4>Grandlait, lait demi écrémé</h4><h4></h4><p>
4 x 1,5 l
<br/>
1.13€/l
</p></a></div><div class="mini_picto_bas"><!-- FIXME IDEM --><span class="com.atosworldline.ri.auchan.direct.front.tapestry.data.multimedia.Picture@767e4a1a pictoListing txtImg">XXXXX</span></div></div></div></td><td><!-- PL : ici --><div class="bloc-produit "><div class="bloc-produit-content   "><a title="Voir le produit" href="http://www.auchandirect.fr/petit-déjeuner-epicerie-sucrée/petit-déjeuner/viva-lait-vitaminé-uht-brique/id1/484/4731"><img src="http://www.auchandirect.fr/static/images/products/line/4731.jpg" alt="" class="produit "/></a><div class="picto"><span class="invisible"></span></div><div class="boutons-produit"><a id="addProductToBasket_28" onclick="javascript:Tapestry.waitForPage(event);" title="Ajouter au panier" class="bt-produit-ajout-panier" href="http://www.auchandirect.fr/rayon.productgridorlist.productlist_1.thumbnailproduct_0.addproducttobasket/4731?t:ac=605"><span>Ajouter au panier</span></a><a id="addProductToShoppingList_28" onclick="javascript:Tapestry.waitForPage(event);" title="Ajouter à ma liste" class="bt-produit-ajout-liste" href="http://www.auchandirect.fr/rayon.productgridorlist.productlist_1.thumbnailproduct_0.addproducttoshoppinglist/4731?t:ac=605">Ajouter à ma liste</a></div><div class="infos-produit-1"><div class="prix-actuel"><span>5.80€</span></div></div><div class="infos-produit-2"><a title="Voir le produit" href="http://www.auchandirect.fr/petit-déjeuner-epicerie-sucrée/petit-déjeuner/viva-lait-vitaminé-uht-brique/id1/484/4731"><h2>CANDIA</h2><h4>Viva Lait vitaminé UHT brique</h4><h4></h4><p>
6 x 1 l
<br/>
0.97€/l
</p></a></div><div class="mini_picto_bas"><!-- FIXME IDEM --><span class="com.atosworldline.ri.auchan.direct.front.tapestry.data.multimedia.Picture@5cf5082e pictoListing txtImg">XXXXX</span></div></div></div></td></tr><tr><td><!-- PL : ici --><div class="bloc-produit "><div class="bloc-produit-content   "><a title="Voir le produit" href="http://www.auchandirect.fr/petit-déjeuner-epicerie-sucrée/petit-déjeuner/viva-lait-vitaminé/id1/484/4728"><img src="http://www.auchandirect.fr/static/images/products/line/4728.jpg" alt="" class="produit "/></a><div class="picto"><span class="invisible"></span></div><div class="boutons-produit"><a id="addProductToBasket_29" onclick="javascript:Tapestry.waitForPage(event);" title="Ajouter au panier" class="bt-produit-ajout-panier" href="http://www.auchandirect.fr/rayon.productgridorlist.productlist_1.thumbnailproduct_0.addproducttobasket/4728?t:ac=605"><span>Ajouter au panier</span></a><a id="addProductToShoppingList_29" onclick="javascript:Tapestry.waitForPage(event);" title="Ajouter à ma liste" class="bt-produit-ajout-liste" href="http://www.auchandirect.fr/rayon.productgridorlist.productlist_1.thumbnailproduct_0.addproducttoshoppinglist/4728?t:ac=605">Ajouter à ma liste</a></div><div class="infos-produit-1"><div class="prix-actuel"><span>6.72€</span></div></div><div class="infos-produit-2"><a title="Voir le produit" href="http://www.auchandirect.fr/petit-déjeuner-epicerie-sucrée/petit-déjeuner/viva-lait-vitaminé/id1/484/4728"><h2>CANDIA</h2><h4>Viva lait vitaminé</h4><h4>demi écrémé</h4><p>
6 x 1 l
<br/>
1.12€/l
</p></a></div><div class="mini_picto_bas"><!-- FIXME IDEM --><span class="com.atosworldline.ri.auchan.direct.front.tapestry.data.multimedia.Picture@493554cb pictoListing txtImg">XXXXX</span></div></div></div></td><td><!-- PL : ici --><div class="bloc-produit "><div class="bloc-produit-content   "><a title="Voir le produit" href="http://www.auchandirect.fr/petit-déjeuner-epicerie-sucrée/petit-déjeuner/lait-demi-écrémé-brique/id1/484/4725"><img src="http://www.auchandirect.fr/static/images/products/line/4725.jpg" alt="" class="produit "/></a><div class="picto"><span class="invisible"></span></div><div class="boutons-produit"><a id="addProductToBasket_30" onclick="javascript:Tapestry.waitForPage(event);" title="Ajouter au panier" class="bt-produit-ajout-panier" href="http://www.auchandirect.fr/rayon.productgridorlist.productlist_1.thumbnailproduct_0.addproducttobasket/4725?t:ac=605"><span>Ajouter au panier</span></a><a id="addProductToShoppingList_30" onclick="javascript:Tapestry.waitForPage(event);" title="Ajouter à ma liste" class="bt-produit-ajout-liste" href="http://www.auchandirect.fr/rayon.productgridorlist.productlist_1.thumbnailproduct_0.addproducttoshoppinglist/4725?t:ac=605">Ajouter à ma liste</a></div><div class="infos-produit-1"><div class="prix-actuel"><span>5.82€</span></div></div><div class="infos-produit-2"><a title="Voir le produit" href="http://www.auchandirect.fr/petit-déjeuner-epicerie-sucrée/petit-déjeuner/lait-demi-écrémé-brique/id1/484/4725"><h2>CANDIA</h2><h4>Lait demi-écrémé brique</h4><h4>Grandlait</h4><p>
6 x 1 l
<br/>
0.97€/l
</p></a></div><div class="mini_picto_bas"><!-- FIXME IDEM --><span class="com.atosworldline.ri.auchan.direct.front.tapestry.data.multimedia.Picture@579b50c6 pictoListing txtImg">XXXXX</span></div></div></div></td><td><!-- PL : ici --><div class="bloc-produit "><div class="bloc-produit-content   "><a title="Voir le produit" href="http://www.auchandirect.fr/petit-déjeuner-epicerie-sucrée/petit-déjeuner/lait-frais-demi-écrémé/id1/484/3585"><img src="http://www.auchandirect.fr/static/images/products/line/3585.jpg" alt="" class="produit "/></a><div class="picto"><span class="invisible"></span></div><div class="boutons-produit"><a id="addProductToBasket_31" onclick="javascript:Tapestry.waitForPage(event);" title="Ajouter au panier" class="bt-produit-ajout-panier" href="http://www.auchandirect.fr/rayon.productgridorlist.productlist_1.thumbnailproduct_0.addproducttobasket/3585?t:ac=605"><span>Ajouter au panier</span></a><a id="addProductToShoppingList_31" onclick="javascript:Tapestry.waitForPage(event);" title="Ajouter à ma liste" class="bt-produit-ajout-liste" href="http://www.auchandirect.fr/rayon.productgridorlist.productlist_1.thumbnailproduct_0.addproducttoshoppinglist/3585?t:ac=605">Ajouter à ma liste</a></div><div class="infos-produit-1"><div class="prix-actuel"><span>1.30€</span></div></div><div class="infos-produit-2"><a title="Voir le produit" href="http://www.auchandirect.fr/petit-déjeuner-epicerie-sucrée/petit-déjeuner/lait-frais-demi-écrémé/id1/484/3585"><h2>CANDIA</h2><h4>Lait frais demi-écrémé</h4><h4></h4><p>
1 l
<br/>
1.30€/l
</p></a></div><div class="mini_picto_bas"><!-- FIXME IDEM --><span class="com.atosworldline.ri.auchan.direct.front.tapestry.data.multimedia.Picture@1a8df081 pictoListing txtImg">XXXXX</span><!-- FIXME IDEM --><span class="com.atosworldline.ri.auchan.direct.front.tapestry.data.multimedia.Picture@5ca8b2c5 pictoListing txtImg">XXXXX</span></div></div></div></td></tr><tr><td><!-- PL : ici --><div class="bloc-produit "><div class="bloc-produit-content   "><a title="Voir le produit" href="http://www.auchandirect.fr/petit-déjeuner-epicerie-sucrée/petit-déjeuner/lait-demi-écrémé-uht/id1/484/72035"><img src="http://www.auchandirect.fr/static/images/products/line/72035.jpg" alt="" class="produit "/></a><div class="picto"><span class="invisible"></span></div><div class="boutons-produit"><a id="addProductToBasket_32" onclick="javascript:Tapestry.waitForPage(event);" title="Ajouter au panier" class="bt-produit-ajout-panier" href="http://www.auchandirect.fr/rayon.productgridorlist.productlist_1.thumbnailproduct_0.addproducttobasket/72035?t:ac=605"><span>Ajouter au panier</span></a><a id="addProductToShoppingList_32" onclick="javascript:Tapestry.waitForPage(event);" title="Ajouter à ma liste" class="bt-produit-ajout-liste" href="http://www.auchandirect.fr/rayon.productgridorlist.productlist_1.thumbnailproduct_0.addproducttoshoppinglist/72035?t:ac=605">Ajouter à ma liste</a></div><div class="infos-produit-1"><div class="prix-actuel"><span>4.59€</span></div></div><div class="infos-produit-2"><a title="Voir le produit" href="http://www.auchandirect.fr/petit-déjeuner-epicerie-sucrée/petit-déjeuner/lait-demi-écrémé-uht/id1/484/72035"><h2>CANDIA</h2><h4>Lait demi écrémé UHT</h4><h4></h4><p>
6 x 50 cl
<br/>
1.53€/l
</p></a></div><div class="mini_picto_bas"><!-- FIXME IDEM --><span class="com.atosworldline.ri.auchan.direct.front.tapestry.data.multimedia.Picture@402f1883 pictoListing txtImg">XXXXX</span></div></div></div></td><td><!-- PL : ici --><div class="bloc-produit "><div class="bloc-produit-content   "><a title="Voir le produit" href="http://www.auchandirect.fr/petit-déjeuner-epicerie-sucrée/petit-déjeuner/lait-demi-écrémé/id1/484/78831"><img src="http://www.auchandirect.fr/static/images/products/line/78831.jpg" alt="" class="produit "/></a><div class="picto"><span class="invisible"></span></div><div class="boutons-produit"><a id="addProductToBasket_33" onclick="javascript:Tapestry.waitForPage(event);" title="Ajouter au panier" class="bt-produit-ajout-panier" href="http://www.auchandirect.fr/rayon.productgridorlist.productlist_1.thumbnailproduct_0.addproducttobasket/78831?t:ac=605"><span>Ajouter au panier</span></a><a id="addProductToShoppingList_33" onclick="javascript:Tapestry.waitForPage(event);" title="Ajouter à ma liste" class="bt-produit-ajout-liste" href="http://www.auchandirect.fr/rayon.productgridorlist.productlist_1.thumbnailproduct_0.addproducttoshoppinglist/78831?t:ac=605">Ajouter à ma liste</a></div><div class="infos-produit-1"><div class="prix-actuel"><span>3.95€</span></div></div><div class="infos-produit-2"><a title="Voir le produit" href="http://www.auchandirect.fr/petit-déjeuner-epicerie-sucrée/petit-déjeuner/lait-demi-écrémé/id1/484/78831"><h2>CANDIA</h2><h4>Lait demi écrémé</h4><h4></h4><p>
6 x 25 cl
<br/>
2.63€/l
</p></a></div><div class="mini_picto_bas"><!-- FIXME IDEM --><span class="com.atosworldline.ri.auchan.direct.front.tapestry.data.multimedia.Picture@6288376e pictoListing txtImg">XXXXX</span></div></div></div></td><td><!-- PL : ici --><div class="bloc-produit  bientot-dispo"><div class="bloc-produit-content   "><a title="Voir le produit" href="http://www.auchandirect.fr/petit-déjeuner-epicerie-sucrée/petit-déjeuner/lait-frais-entier/id1/484/6433"><img src="http://www.auchandirect.fr/static/images/products/line/6433.jpg" alt="" class="produit "/></a><div class="picto"><span class="invisible"></span></div><div class="boutons-produit"><a class="bt-produit-ajout-panier disable" title="Bientôt disponible" href="javascript:void(0)"><span>Bientôt disponible</span></a><a id="addProductToShoppingList_34" onclick="javascript:Tapestry.waitForPage(event);" title="Ajouter à ma liste" class="bt-produit-ajout-liste" href="http://www.auchandirect.fr/rayon.productgridorlist.productlist_1.thumbnailproduct_0.addproducttoshoppinglist/6433?t:ac=605">Ajouter à ma liste</a></div><div class="infos-produit-1"><div class="prix-actuel"><span>1.33€</span></div></div><div class="infos-produit-2"><a title="Voir le produit" href="http://www.auchandirect.fr/petit-déjeuner-epicerie-sucrée/petit-déjeuner/lait-frais-entier/id1/484/6433"><h2>CANDIA</h2><h4>Lait frais entier</h4><h4></h4><p>
1 L
<br/>
1.33€/l
</p></a></div><div class="mini_picto_bas"><!-- FIXME IDEM --><span class="com.atosworldline.ri.auchan.direct.front.tapestry.data.multimedia.Picture@5cef494b pictoListing txtImg">XXXXX</span><!-- FIXME IDEM --><span class="com.atosworldline.ri.auchan.direct.front.tapestry.data.multimedia.Picture@61b50a97 pictoListing txtImg">XXXXX</span></div></div></div></td></tr><tr><td><!-- PL : ici --><div class="bloc-produit "><div class="bloc-produit-content   "><a title="Voir le produit" href="http://www.auchandirect.fr/petit-déjeuner-epicerie-sucrée/petit-déjeuner/lait-écrémé-brique/id1/484/4724"><img src="http://www.auchandirect.fr/static/images/products/line/4724.jpg" alt="" class="produit "/></a><div class="picto"><span class="invisible"></span></div><div class="boutons-produit"><a id="addProductToBasket_34" onclick="javascript:Tapestry.waitForPage(event);" title="Ajouter au panier" class="bt-produit-ajout-panier" href="http://www.auchandirect.fr/rayon.productgridorlist.productlist_1.thumbnailproduct_0.addproducttobasket/4724?t:ac=605"><span>Ajouter au panier</span></a><a id="addProductToShoppingList_35" onclick="javascript:Tapestry.waitForPage(event);" title="Ajouter à ma liste" class="bt-produit-ajout-liste" href="http://www.auchandirect.fr/rayon.productgridorlist.productlist_1.thumbnailproduct_0.addproducttoshoppinglist/4724?t:ac=605">Ajouter à ma liste</a></div><div class="infos-produit-1"><div class="prix-actuel"><span>5.94€</span></div></div><div class="infos-produit-2"><a title="Voir le produit" href="http://www.auchandirect.fr/petit-déjeuner-epicerie-sucrée/petit-déjeuner/lait-écrémé-brique/id1/484/4724"><h2>CANDIA</h2><h4>Lait écrémé brique</h4><h4>Silhouette</h4><p>
6 x 1 l
<br/>
0.99€/l
</p></a></div><div class="mini_picto_bas"><!-- FIXME IDEM --><span class="com.atosworldline.ri.auchan.direct.front.tapestry.data.multimedia.Picture@71586ab6 pictoListing txtImg">XXXXX</span></div></div></div></td><td><!-- PL : ici --><div class="bloc-produit "><div class="bloc-produit-content   "><a title="Voir le produit" href="http://www.auchandirect.fr/petit-déjeuner-epicerie-sucrée/petit-déjeuner/candy'up-boisson-chocolatée/id1/484/3601"><img src="http://www.auchandirect.fr/static/images/products/line/3601.jpg" alt="" class="produit "/></a><div class="picto"><span class="invisible"></span></div><div class="boutons-produit"><a id="addProductToBasket_35" onclick="javascript:Tapestry.waitForPage(event);" title="Ajouter au panier" class="bt-produit-ajout-panier" href="http://www.auchandirect.fr/rayon.productgridorlist.productlist_1.thumbnailproduct_0.addproducttobasket/3601?t:ac=605"><span>Ajouter au panier</span></a><a id="addProductToShoppingList_36" onclick="javascript:Tapestry.waitForPage(event);" title="Ajouter à ma liste" class="bt-produit-ajout-liste" href="http://www.auchandirect.fr/rayon.productgridorlist.productlist_1.thumbnailproduct_0.addproducttoshoppinglist/3601?t:ac=605">Ajouter à ma liste</a></div><div class="infos-produit-1"><div class="prix-actuel"><span>2.29€</span></div></div><div class="infos-produit-2"><a title="Voir le produit" href="http://www.auchandirect.fr/petit-déjeuner-epicerie-sucrée/petit-déjeuner/candy'up-boisson-chocolatée/id1/484/3601"><h2>CANDIA</h2><h4>Candy'up boisson chocolatée</h4><h4>Mini-briques</h4><p>
6 x 20 cl
<br/>
1.91€/l
</p></a></div><div class="mini_picto_bas"><!-- FIXME IDEM --><span class="com.atosworldline.ri.auchan.direct.front.tapestry.data.multimedia.Picture@5f7672b0 pictoListing txtImg">XXXXX</span></div></div></div></td><td><!-- PL : ici --><div class="bloc-produit  bientot-dispo"><div class="bloc-produit-content   "><a title="Voir le produit" href="http://www.auchandirect.fr/petit-déjeuner-epicerie-sucrée/petit-déjeuner/candy'up-boisson-chocolatée/id1/484/3600"><img src="http://www.auchandirect.fr/static/images/products/line/3600.jpg" alt="" class="produit "/></a><div class="picto"><span class="invisible"></span></div><div class="boutons-produit"><a class="bt-produit-ajout-panier disable" title="Bientôt disponible" href="javascript:void(0)"><span>Bientôt disponible</span></a><a id="addProductToShoppingList_37" onclick="javascript:Tapestry.waitForPage(event);" title="Ajouter à ma liste" class="bt-produit-ajout-liste" href="http://www.auchandirect.fr/rayon.productgridorlist.productlist_1.thumbnailproduct_0.addproducttoshoppinglist/3600?t:ac=605">Ajouter à ma liste</a></div><div class="infos-produit-1"><div class="prix-actuel"><span>1.57€</span></div></div><div class="infos-produit-2"><a title="Voir le produit" href="http://www.auchandirect.fr/petit-déjeuner-epicerie-sucrée/petit-déjeuner/candy'up-boisson-chocolatée/id1/484/3600"><h2>CANDIA</h2><h4>Candy'up boisson chocolatée</h4><h4></h4><p>
1 l
<br/>
1.57€/l
</p></a></div><div class="mini_picto_bas"><!-- FIXME IDEM --><span class="com.atosworldline.ri.auchan.direct.front.tapestry.data.multimedia.Picture@44674975 pictoListing txtImg">XXXXX</span></div></div></div></td></tr><tr><td><!-- PL : ici --><div class="bloc-produit "><div class="bloc-produit-content   "><a title="Voir le produit" href="http://www.auchandirect.fr/petit-déjeuner-epicerie-sucrée/petit-déjeuner/candy'up-boisson-fraise/id1/484/3602"><img src="http://www.auchandirect.fr/static/images/products/line/3602.jpg" alt="" class="produit "/></a><div class="picto"><span class="invisible"></span></div><div class="boutons-produit"><a id="addProductToBasket_36" onclick="javascript:Tapestry.waitForPage(event);" title="Ajouter au panier" class="bt-produit-ajout-panier" href="http://www.auchandirect.fr/rayon.productgridorlist.productlist_1.thumbnailproduct_0.addproducttobasket/3602?t:ac=605"><span>Ajouter au panier</span></a><a id="addProductToShoppingList_38" onclick="javascript:Tapestry.waitForPage(event);" title="Ajouter à ma liste" class="bt-produit-ajout-liste" href="http://www.auchandirect.fr/rayon.productgridorlist.productlist_1.thumbnailproduct_0.addproducttoshoppinglist/3602?t:ac=605">Ajouter à ma liste</a></div><div class="infos-produit-1"><div class="prix-actuel"><span>2.41€</span></div></div><div class="infos-produit-2"><a title="Voir le produit" href="http://www.auchandirect.fr/petit-déjeuner-epicerie-sucrée/petit-déjeuner/candy'up-boisson-fraise/id1/484/3602"><h2>CANDIA</h2><h4>Candy'up boisson fraise</h4><h4>En mini-briques</h4><p>
6 x 20 cl
<br/>
2.01€/l
</p></a></div><div class="mini_picto_bas"><!-- FIXME IDEM --><span class="com.atosworldline.ri.auchan.direct.front.tapestry.data.multimedia.Picture@cae0e82 pictoListing txtImg">XXXXX</span></div></div></div></td><td><!-- PL : ici --><div class="bloc-produit "><div class="bloc-produit-content   "><a title="Voir le produit" href="http://www.auchandirect.fr/bébé/laits-bébé/croissance-(10-mois-à-3-ans)/id1/487/19487"><img src="http://www.auchandirect.fr/static/images/products/line/19487.jpg" alt="" class="produit "/></a><div class="picto"><span class="invisible"></span></div><div class="boutons-produit"><a id="addProductToBasket_37" onclick="javascript:Tapestry.waitForPage(event);" title="Ajouter au panier" class="bt-produit-ajout-panier" href="http://www.auchandirect.fr/rayon.productgridorlist.productlist_1.thumbnailproduct_0.addproducttobasket/19487?t:ac=605"><span>Ajouter au panier</span></a><a id="addProductToShoppingList_39" onclick="javascript:Tapestry.waitForPage(event);" title="Ajouter à ma liste" class="bt-produit-ajout-liste" href="http://www.auchandirect.fr/rayon.productgridorlist.productlist_1.thumbnailproduct_0.addproducttoshoppinglist/19487?t:ac=605">Ajouter à ma liste</a></div><div class="infos-produit-1"><div class="prix-actuel"><span>1.71€</span></div></div><div class="infos-produit-2"><a title="Voir le produit" href="http://www.auchandirect.fr/bébé/laits-bébé/croissance-(10-mois-à-3-ans)/id1/487/19487"><h2>CANDIA</h2><h4>Croissance (10 mois à 3 ans)</h4><h4></h4><p>
1 l
<br/>
1.71€/l
</p></a></div><div class="mini_picto_bas"><!-- FIXME IDEM --><span class="com.atosworldline.ri.auchan.direct.front.tapestry.data.multimedia.Picture@59cc610b pictoListing txtImg">XXXXX</span></div></div></div></td><td><!-- PL : ici --><div class="bloc-produit "><div class="bloc-produit-content   "><a title="Voir le produit" href="http://www.auchandirect.fr/bio-ecolo/bébé-bio/lait-de-croissance-bio-(10-mois-à-3-ans)/id1/454/35190"><img src="http://www.auchandirect.fr/static/images/products/line/35190.jpg" alt="" class="produit "/></a><div class="picto"><span class="invisible"></span></div><div class="boutons-produit"><a id="addProductToBasket_38" onclick="javascript:Tapestry.waitForPage(event);" title="Ajouter au panier" class="bt-produit-ajout-panier" href="http://www.auchandirect.fr/rayon.productgridorlist.productlist_1.thumbnailproduct_0.addproducttobasket/35190?t:ac=605"><span>Ajouter au panier</span></a><a id="addProductToShoppingList_40" onclick="javascript:Tapestry.waitForPage(event);" title="Ajouter à ma liste" class="bt-produit-ajout-liste" href="http://www.auchandirect.fr/rayon.productgridorlist.productlist_1.thumbnailproduct_0.addproducttoshoppinglist/35190?t:ac=605">Ajouter à ma liste</a></div><div class="infos-produit-1"><div class="prix-actuel"><span>14.34€</span></div></div><div class="infos-produit-2"><a title="Voir le produit" href="http://www.auchandirect.fr/bio-ecolo/bébé-bio/lait-de-croissance-bio-(10-mois-à-3-ans)/id1/454/35190"><h2>CANDIA</h2><h4>Lait de croissance bio (10 mois à 3 ans)</h4><h4></h4><p>
6 x 1 l
<br/>
2.39€/l
</p></a></div><div class="mini_picto_bas"><!-- FIXME IDEM --><span class="com.atosworldline.ri.auchan.direct.front.tapestry.data.multimedia.Picture@3265b088 pictoListing txtImg">XXXXX</span></div></div></div></td></tr><tr><td><!-- PL : ici --><div class="bloc-produit "><div class="bloc-produit-content   "><a title="Voir le produit" href="http://www.auchandirect.fr/bébé/laits-bébé/croissance-(-dès-10-mois)/id1/487/60712"><img src="http://www.auchandirect.fr/static/images/products/line/60712.jpg" alt="" class="produit "/></a><div class="picto"><span class="invisible"></span></div><div class="boutons-produit"><a id="addProductToBasket_39" onclick="javascript:Tapestry.waitForPage(event);" title="Ajouter au panier" class="bt-produit-ajout-panier" href="http://www.auchandirect.fr/rayon.productgridorlist.productlist_1.thumbnailproduct_0.addproducttobasket/60712?t:ac=605"><span>Ajouter au panier</span></a><a id="addProductToShoppingList_41" onclick="javascript:Tapestry.waitForPage(event);" title="Ajouter à ma liste" class="bt-produit-ajout-liste" href="http://www.auchandirect.fr/rayon.productgridorlist.productlist_1.thumbnailproduct_0.addproducttoshoppinglist/60712?t:ac=605">Ajouter à ma liste</a></div><div class="infos-produit-1"><div class="prix-actuel"><span>9.52€</span></div></div><div class="infos-produit-2"><a title="Voir le produit" href="http://www.auchandirect.fr/bébé/laits-bébé/croissance-(-dès-10-mois)/id1/487/60712"><h2>GALLIA</h2><h4>Croissance ( dès 10 mois)</h4><h4>Calisma croissance</h4><p>
4 x 1 l
<br/>
2.38€/l
</p></a></div><div class="mini_picto_bas"><!-- FIXME IDEM --><span class="com.atosworldline.ri.auchan.direct.front.tapestry.data.multimedia.Picture@3228ca91 pictoListing txtImg">XXXXX</span></div></div></div></td><td><!-- PL : ici --><div class="bloc-produit "><div class="bloc-produit-content   "><a title="Voir le produit" href="http://www.auchandirect.fr/bébé/laits-bébé/croissance-(12-mois-à-3-ans)/id1/487/23687"><img src="http://www.auchandirect.fr/static/images/products/line/23687.jpg" alt="" class="produit "/></a><div class="picto"><span class="invisible"></span></div><div class="boutons-produit"><a id="addProductToBasket_40" onclick="javascript:Tapestry.waitForPage(event);" title="Ajouter au panier" class="bt-produit-ajout-panier" href="http://www.auchandirect.fr/rayon.productgridorlist.productlist_1.thumbnailproduct_0.addproducttobasket/23687?t:ac=605"><span>Ajouter au panier</span></a><a id="addProductToShoppingList_42" onclick="javascript:Tapestry.waitForPage(event);" title="Ajouter à ma liste" class="bt-produit-ajout-liste" href="http://www.auchandirect.fr/rayon.productgridorlist.productlist_1.thumbnailproduct_0.addproducttoshoppinglist/23687?t:ac=605">Ajouter à ma liste</a></div><div class="infos-produit-1"><div class="prix-actuel"><span>5.70€</span></div></div><div class="infos-produit-2"><a title="Voir le produit" href="http://www.auchandirect.fr/bébé/laits-bébé/croissance-(12-mois-à-3-ans)/id1/487/23687"><h2>GALLIA</h2><h4>Croissance (12 mois à 3 ans)</h4><h4>Calisma 3</h4><p>
4 x 500 ml
<br/>
2.85€/l
</p></a></div><div class="mini_picto_bas"><!-- FIXME IDEM --><span class="com.atosworldline.ri.auchan.direct.front.tapestry.data.multimedia.Picture@403ab2e3 pictoListing txtImg">XXXXX</span></div></div></div></td><td><!-- PL : ici --><div class="bloc-produit "><div class="bloc-produit-content   "><a title="Voir le produit" href="http://www.auchandirect.fr/bébé/laits-bébé/croissance-(10-mois-à-3-ans)/id1/487/38617"><img src="http://www.auchandirect.fr/static/images/products/line/38617.jpg" alt="" class="produit "/></a><div class="picto"><span class="invisible"></span></div><div class="boutons-produit"><a id="addProductToBasket_41" onclick="javascript:Tapestry.waitForPage(event);" title="Ajouter au panier" class="bt-produit-ajout-panier" href="http://www.auchandirect.fr/rayon.productgridorlist.productlist_1.thumbnailproduct_0.addproducttobasket/38617?t:ac=605"><span>Ajouter au panier</span></a><a id="addProductToShoppingList_43" onclick="javascript:Tapestry.waitForPage(event);" title="Ajouter à ma liste" class="bt-produit-ajout-liste" href="http://www.auchandirect.fr/rayon.productgridorlist.productlist_1.thumbnailproduct_0.addproducttoshoppinglist/38617?t:ac=605">Ajouter à ma liste</a></div><div class="infos-produit-1"><div class="prix-actuel"><span>4.30€</span></div></div><div class="infos-produit-2"><a title="Voir le produit" href="http://www.auchandirect.fr/bébé/laits-bébé/croissance-(10-mois-à-3-ans)/id1/487/38617"><h2>GUIGOZ</h2><h4>Croissance (10 mois à 3 ans)</h4><h4></h4><p>
4 x 500 ml
<br/>
2.15€/l
</p></a></div><div class="mini_picto_bas"><!-- FIXME IDEM --><span class="com.atosworldline.ri.auchan.direct.front.tapestry.data.multimedia.Picture@5feabc6 pictoListing txtImg">XXXXX</span></div></div></div></td></tr><tr><td><!-- PL : ici --><div class="bloc-produit "><div class="bloc-produit-content   "><a title="Voir le produit" href="http://www.auchandirect.fr/bébé/laits-bébé/croissance-(10-mois-à-3-ans)/id1/487/2581"><img src="http://www.auchandirect.fr/static/images/products/line/2581.jpg" alt="" class="produit "/></a><div class="picto"><span class="invisible"></span></div><div class="boutons-produit"><a id="addProductToBasket_42" onclick="javascript:Tapestry.waitForPage(event);" title="Ajouter au panier" class="bt-produit-ajout-panier" href="http://www.auchandirect.fr/rayon.productgridorlist.productlist_1.thumbnailproduct_0.addproducttobasket/2581?t:ac=605"><span>Ajouter au panier</span></a><a id="addProductToShoppingList_44" onclick="javascript:Tapestry.waitForPage(event);" title="Ajouter à ma liste" class="bt-produit-ajout-liste" href="http://www.auchandirect.fr/rayon.productgridorlist.productlist_1.thumbnailproduct_0.addproducttoshoppinglist/2581?t:ac=605">Ajouter à ma liste</a></div><div class="infos-produit-1"><div class="prix-actuel"><span>7.27€</span></div></div><div class="infos-produit-2"><a title="Voir le produit" href="http://www.auchandirect.fr/bébé/laits-bébé/croissance-(10-mois-à-3-ans)/id1/487/2581"><h2>GUIGOZ</h2><h4>Croissance (10 mois à 3 ans)</h4><h4></h4><p>
4 x 1 l
<br/>
1.82€/l
</p></a></div><div class="mini_picto_bas"><!-- FIXME IDEM --><span class="com.atosworldline.ri.auchan.direct.front.tapestry.data.multimedia.Picture@3f5a3ddc pictoListing txtImg">XXXXX</span></div></div></div></td><td><!-- PL : ici --><div class="bloc-produit "><div class="bloc-produit-content   "><a title="Voir le produit" href="http://www.auchandirect.fr/bébé/laits-bébé/croissance-en-poudre/id1/487/99715"><img src="http://www.auchandirect.fr/static/images/products/line/99715.jpg" alt="" class="produit "/></a><div class="picto"><span class="invisible"></span></div><div class="boutons-produit"><a id="addProductToBasket_43" onclick="javascript:Tapestry.waitForPage(event);" title="Ajouter au panier" class="bt-produit-ajout-panier" href="http://www.auchandirect.fr/rayon.productgridorlist.productlist_1.thumbnailproduct_0.addproducttobasket/99715?t:ac=605"><span>Ajouter au panier</span></a><a id="addProductToShoppingList_45" onclick="javascript:Tapestry.waitForPage(event);" title="Ajouter à ma liste" class="bt-produit-ajout-liste" href="http://www.auchandirect.fr/rayon.productgridorlist.productlist_1.thumbnailproduct_0.addproducttoshoppinglist/99715?t:ac=605">Ajouter à ma liste</a></div><div class="infos-produit-1"><div class="prix-actuel"><span>12.97€</span></div></div><div class="infos-produit-2"><a title="Voir le produit" href="http://www.auchandirect.fr/bébé/laits-bébé/croissance-en-poudre/id1/487/99715"><h2>GUIGOZ</h2><h4>Croissance en poudre</h4><h4></h4><p>
800 g
<br/>
16.21€/kg
</p></a></div><div class="mini_picto_bas"></div></div></div></td><td><!-- PL : ici --><div class="bloc-produit "><div class="bloc-produit-content   "><a title="Voir le produit" href="http://www.auchandirect.fr/bio-ecolo/bébé-bio/croissance-bio-(10-mois-à-3-ans)/id1/454/56068"><img src="http://www.auchandirect.fr/static/images/products/line/56068.jpg" alt="" class="produit "/></a><div class="picto"><span class="invisible"></span></div><div class="boutons-produit"><a id="addProductToBasket_44" onclick="javascript:Tapestry.waitForPage(event);" title="Ajouter au panier" class="bt-produit-ajout-panier" href="http://www.auchandirect.fr/rayon.productgridorlist.productlist_1.thumbnailproduct_0.addproducttobasket/56068?t:ac=605"><span>Ajouter au panier</span></a><a id="addProductToShoppingList_46" onclick="javascript:Tapestry.waitForPage(event);" title="Ajouter à ma liste" class="bt-produit-ajout-liste" href="http://www.auchandirect.fr/rayon.productgridorlist.productlist_1.thumbnailproduct_0.addproducttoshoppinglist/56068?t:ac=605">Ajouter à ma liste</a></div><div class="infos-produit-1"><div class="prix-actuel"><span>14.18€</span></div></div><div class="infos-produit-2"><a title="Voir le produit" href="http://www.auchandirect.fr/bio-ecolo/bébé-bio/croissance-bio-(10-mois-à-3-ans)/id1/454/56068"><h2>HIPP</h2><h4>Croissance bio (10 mois à 3 ans)</h4><h4></h4><p>
6 x 1 l
<br/>
2.36€/l
</p></a></div><div class="mini_picto_bas"><!-- FIXME IDEM --><span class="com.atosworldline.ri.auchan.direct.front.tapestry.data.multimedia.Picture@514ef5c0 pictoListing txtImg">XXXXX</span><!-- FIXME IDEM --><span class="com.atosworldline.ri.auchan.direct.front.tapestry.data.multimedia.Picture@16e839f4 pictoListing txtImg">XXXXX</span></div></div></div></td></tr><tr><td><!-- PL : ici --><div class="bloc-produit "><div class="bloc-produit-content   "><a title="Voir le produit" href="http://www.auchandirect.fr/bio-ecolo/bébé-bio/croissance-bio-(dès-10-mois)/id1/454/57979"><img src="http://www.auchandirect.fr/static/images/products/line/57979.jpg" alt="" class="produit "/></a><div class="picto"><span class="invisible"></span></div><div class="boutons-produit"><a id="addProductToBasket_45" onclick="javascript:Tapestry.waitForPage(event);" title="Ajouter au panier" class="bt-produit-ajout-panier" href="http://www.auchandirect.fr/rayon.productgridorlist.productlist_1.thumbnailproduct_0.addproducttobasket/57979?t:ac=605"><span>Ajouter au panier</span></a><a id="addProductToShoppingList_47" onclick="javascript:Tapestry.waitForPage(event);" title="Ajouter à ma liste" class="bt-produit-ajout-liste" href="http://www.auchandirect.fr/rayon.productgridorlist.productlist_1.thumbnailproduct_0.addproducttoshoppinglist/57979?t:ac=605">Ajouter à ma liste</a></div><div class="infos-produit-1"><div class="prix-actuel"><span>13.80€</span></div></div><div class="infos-produit-2"><a title="Voir le produit" href="http://www.auchandirect.fr/bio-ecolo/bébé-bio/croissance-bio-(dès-10-mois)/id1/454/57979"><h2>HIPP</h2><h4>Croissance bio (dès 10 mois)</h4><h4></h4><p>
900 g
<br/>
15.33€/kg
</p></a></div><div class="mini_picto_bas"><!-- FIXME IDEM --><span class="com.atosworldline.ri.auchan.direct.front.tapestry.data.multimedia.Picture@62bb34bf pictoListing txtImg">XXXXX</span><!-- FIXME IDEM --><span class="com.atosworldline.ri.auchan.direct.front.tapestry.data.multimedia.Picture@70841a3c pictoListing txtImg">XXXXX</span></div></div></div></td><td><!-- PL : ici --><div class="bloc-produit "><div class="bloc-produit-content   "><a title="Voir le produit" href="http://www.auchandirect.fr/bio-ecolo/bébé-bio/croissance-bio-(dès-10-mois)/id1/454/57980"><img src="http://www.auchandirect.fr/static/images/products/line/57980.jpg" alt="" class="produit "/></a><div class="picto"><span class="invisible"></span></div><div class="boutons-produit"><a id="addProductToBasket_46" onclick="javascript:Tapestry.waitForPage(event);" title="Ajouter au panier" class="bt-produit-ajout-panier" href="http://www.auchandirect.fr/rayon.productgridorlist.productlist_1.thumbnailproduct_0.addproducttobasket/57980?t:ac=605"><span>Ajouter au panier</span></a><a id="addProductToShoppingList_48" onclick="javascript:Tapestry.waitForPage(event);" title="Ajouter à ma liste" class="bt-produit-ajout-liste" href="http://www.auchandirect.fr/rayon.productgridorlist.productlist_1.thumbnailproduct_0.addproducttoshoppinglist/57980?t:ac=605">Ajouter à ma liste</a></div><div class="infos-produit-1"><div class="prix-actuel"><span>5.65€</span></div></div><div class="infos-produit-2"><a title="Voir le produit" href="http://www.auchandirect.fr/bio-ecolo/bébé-bio/croissance-bio-(dès-10-mois)/id1/454/57980"><h2>HIPP</h2><h4>Croissance bio (dès 10 mois)</h4><h4></h4><p>
6 x 25 cl
<br/>
3.77€/l
</p></a></div><div class="mini_picto_bas"><!-- FIXME IDEM --><span class="com.atosworldline.ri.auchan.direct.front.tapestry.data.multimedia.Picture@17431e6f pictoListing txtImg">XXXXX</span><!-- FIXME IDEM --><span class="com.atosworldline.ri.auchan.direct.front.tapestry.data.multimedia.Picture@37831557 pictoListing txtImg">XXXXX</span></div></div></div></td><td><!-- PL : ici --><div class="bloc-produit "><div class="bloc-produit-content   "><a title="Voir le produit" href="http://www.auchandirect.fr/bio-ecolo/boissons-bio/lait-aromatisé-fraise-bio/id1/455/96002"><img src="http://www.auchandirect.fr/static/images/products/line/96002.jpg" alt="" class="produit "/></a><div class="picto"><span class="invisible"></span></div><div class="boutons-produit"><a id="addProductToBasket_47" onclick="javascript:Tapestry.waitForPage(event);" title="Ajouter au panier" class="bt-produit-ajout-panier" href="http://www.auchandirect.fr/rayon.productgridorlist.productlist_1.thumbnailproduct_0.addproducttobasket/96002?t:ac=605"><span>Ajouter au panier</span></a><a id="addProductToShoppingList_49" onclick="javascript:Tapestry.waitForPage(event);" title="Ajouter à ma liste" class="bt-produit-ajout-liste" href="http://www.auchandirect.fr/rayon.productgridorlist.productlist_1.thumbnailproduct_0.addproducttoshoppinglist/96002?t:ac=605">Ajouter à ma liste</a></div><div class="infos-produit-1"><div class="prix-actuel"><span>3.71€</span></div></div><div class="infos-produit-2"><a title="Voir le produit" href="http://www.auchandirect.fr/bio-ecolo/boissons-bio/lait-aromatisé-fraise-bio/id1/455/96002"><h2>KALIBIO</h2><h4>Lait aromatisé fraise Bio</h4><h4>O'lait</h4><p>
3 x 20 cl
<br/>
6.18€/l
</p></a></div><div class="mini_picto_bas"><!-- FIXME IDEM --><span class="com.atosworldline.ri.auchan.direct.front.tapestry.data.multimedia.Picture@2b96831f pictoListing txtImg">XXXXX</span><!-- FIXME IDEM --><span class="com.atosworldline.ri.auchan.direct.front.tapestry.data.multimedia.Picture@267a7e94 pictoListing txtImg">XXXXX</span></div></div></div></td></tr><tr><td><!-- PL : ici --><div class="bloc-produit "><div class="bloc-produit-content   "><a title="Voir le produit" href="http://www.auchandirect.fr/bio-ecolo/boissons-bio/lait-aromatisé-au-cacao-bio/id1/455/96003"><img src="http://www.auchandirect.fr/static/images/products/line/96003.jpg" alt="" class="produit "/></a><div class="picto"><span class="invisible"></span></div><div class="boutons-produit"><a id="addProductToBasket_48" onclick="javascript:Tapestry.waitForPage(event);" title="Ajouter au panier" class="bt-produit-ajout-panier" href="http://www.auchandirect.fr/rayon.productgridorlist.productlist_1.thumbnailproduct_0.addproducttobasket/96003?t:ac=605"><span>Ajouter au panier</span></a><a id="addProductToShoppingList_50" onclick="javascript:Tapestry.waitForPage(event);" title="Ajouter à ma liste" class="bt-produit-ajout-liste" href="http://www.auchandirect.fr/rayon.productgridorlist.productlist_1.thumbnailproduct_0.addproducttoshoppinglist/96003?t:ac=605">Ajouter à ma liste</a></div><div class="infos-produit-1"><div class="prix-actuel"><span>3.71€</span></div></div><div class="infos-produit-2"><a title="Voir le produit" href="http://www.auchandirect.fr/bio-ecolo/boissons-bio/lait-aromatisé-au-cacao-bio/id1/455/96003"><h2>KALIBIO</h2><h4>Lait aromatisé au cacao Bio</h4><h4>O'Lait</h4><p>
3 x 20 cl
<br/>
6.18€/l
</p></a></div><div class="mini_picto_bas"><!-- FIXME IDEM --><span class="com.atosworldline.ri.auchan.direct.front.tapestry.data.multimedia.Picture@340c3a48 pictoListing txtImg">XXXXX</span><!-- FIXME IDEM --><span class="com.atosworldline.ri.auchan.direct.front.tapestry.data.multimedia.Picture@ec667aa pictoListing txtImg">XXXXX</span></div></div></div></td><td><!-- PL : ici --><div class="bloc-produit "><div class="bloc-produit-content   "><a title="Voir le produit" href="http://www.auchandirect.fr/bio-ecolo/boissons-bio/lait-demi-écrémé/id1/455/4719"><img src="http://www.auchandirect.fr/static/images/products/line/4719.jpg" alt="" class="produit "/></a><div class="picto"><span class="invisible"></span></div><div class="boutons-produit"><a id="addProductToBasket_49" onclick="javascript:Tapestry.waitForPage(event);" title="Ajouter au panier" class="bt-produit-ajout-panier" href="http://www.auchandirect.fr/rayon.productgridorlist.productlist_1.thumbnailproduct_0.addproducttobasket/4719?t:ac=605"><span>Ajouter au panier</span></a><a id="addProductToShoppingList_51" onclick="javascript:Tapestry.waitForPage(event);" title="Ajouter à ma liste" class="bt-produit-ajout-liste" href="http://www.auchandirect.fr/rayon.productgridorlist.productlist_1.thumbnailproduct_0.addproducttoshoppinglist/4719?t:ac=605">Ajouter à ma liste</a></div><div class="infos-produit-1"><div class="prix-actuel"><span>8.14€</span></div></div><div class="infos-produit-2"><a title="Voir le produit" href="http://www.auchandirect.fr/bio-ecolo/boissons-bio/lait-demi-écrémé/id1/455/4719"><h2>LACTEL</h2><h4>Lait demi-écrémé</h4><h4>Bio</h4><p>
6 x 1 l
<br/>
1.36€/l
</p></a></div><div class="mini_picto_bas"><!-- FIXME IDEM --><span class="com.atosworldline.ri.auchan.direct.front.tapestry.data.multimedia.Picture@39841875 pictoListing txtImg">XXXXX</span><!-- FIXME IDEM --><span class="com.atosworldline.ri.auchan.direct.front.tapestry.data.multimedia.Picture@f61c6d3 pictoListing txtImg">XXXXX</span></div></div></div></td><td><!-- PL : ici --><div class="bloc-produit "><div class="bloc-produit-content   "><a title="Voir le produit" href="http://www.auchandirect.fr/petit-déjeuner-epicerie-sucrée/petit-déjeuner/lait-frais-demi-écrémé/id1/484/47321"><img src="http://www.auchandirect.fr/static/images/products/line/47321.jpg" alt="" class="produit "/></a><div class="picto"><span class="invisible"></span></div><div class="boutons-produit"><a id="addProductToBasket_50" onclick="javascript:Tapestry.waitForPage(event);" title="Ajouter au panier" class="bt-produit-ajout-panier" href="http://www.auchandirect.fr/rayon.productgridorlist.productlist_1.thumbnailproduct_0.addproducttobasket/47321?t:ac=605"><span>Ajouter au panier</span></a><a id="addProductToShoppingList_52" onclick="javascript:Tapestry.waitForPage(event);" title="Ajouter à ma liste" class="bt-produit-ajout-liste" href="http://www.auchandirect.fr/rayon.productgridorlist.productlist_1.thumbnailproduct_0.addproducttoshoppinglist/47321?t:ac=605">Ajouter à ma liste</a></div><div class="infos-produit-1"><div class="prix-actuel"><span>1.29€</span></div></div><div class="infos-produit-2"><a title="Voir le produit" href="http://www.auchandirect.fr/petit-déjeuner-epicerie-sucrée/petit-déjeuner/lait-frais-demi-écrémé/id1/484/47321"><h2>LACTEL</h2><h4>Lait frais demi-écrémé</h4><h4></h4><p>
1 l
<br/>
1.29€/l
</p></a></div><div class="mini_picto_bas"><!-- FIXME IDEM --><span class="com.atosworldline.ri.auchan.direct.front.tapestry.data.multimedia.Picture@87ff20b pictoListing txtImg">XXXXX</span><!-- FIXME IDEM --><span class="com.atosworldline.ri.auchan.direct.front.tapestry.data.multimedia.Picture@7ebb489 pictoListing txtImg">XXXXX</span></div></div></div></td></tr><tr><td><!-- PL : ici --><div class="bloc-produit "><div class="bloc-produit-content   "><a title="Voir le produit" href="http://www.auchandirect.fr/petit-déjeuner-epicerie-sucrée/petit-déjeuner/lait-demi-écrémé/id1/484/4716"><img src="http://www.auchandirect.fr/static/images/products/line/4716.jpg" alt="" class="produit "/></a><div class="picto"><span class="invisible"></span></div><div class="boutons-produit"><a id="addProductToBasket_51" onclick="javascript:Tapestry.waitForPage(event);" title="Ajouter au panier" class="bt-produit-ajout-panier" href="http://www.auchandirect.fr/rayon.productgridorlist.productlist_1.thumbnailproduct_0.addproducttobasket/4716?t:ac=605"><span>Ajouter au panier</span></a><a id="addProductToShoppingList_53" onclick="javascript:Tapestry.waitForPage(event);" title="Ajouter à ma liste" class="bt-produit-ajout-liste" href="http://www.auchandirect.fr/rayon.productgridorlist.productlist_1.thumbnailproduct_0.addproducttoshoppinglist/4716?t:ac=605">Ajouter à ma liste</a></div><div class="infos-produit-1"><div class="prix-actuel"><span>5.94€</span></div></div><div class="infos-produit-2"><a title="Voir le produit" href="http://www.auchandirect.fr/petit-déjeuner-epicerie-sucrée/petit-déjeuner/lait-demi-écrémé/id1/484/4716"><h2>LACTEL</h2><h4>Lait demi écrémé</h4><h4></h4><p>
6 x 1 l
<br/>
0.99€/l
</p></a></div><div class="mini_picto_bas"><!-- FIXME IDEM --><span class="com.atosworldline.ri.auchan.direct.front.tapestry.data.multimedia.Picture@8033936 pictoListing txtImg">XXXXX</span></div></div></div></td><td><!-- PL : ici --><div class="bloc-produit "><div class="bloc-produit-content   "><a title="Voir le produit" href="http://www.auchandirect.fr/petit-déjeuner-epicerie-sucrée/petit-déjeuner/lait-demi-écrémé/id1/484/5712"><img src="http://www.auchandirect.fr/static/images/products/line/5712.jpg" alt="" class="produit "/></a><div class="picto"><span class="invisible"></span></div><div class="boutons-produit"><a id="addProductToBasket_52" onclick="javascript:Tapestry.waitForPage(event);" title="Ajouter au panier" class="bt-produit-ajout-panier" href="http://www.auchandirect.fr/rayon.productgridorlist.productlist_1.thumbnailproduct_0.addproducttobasket/5712?t:ac=605"><span>Ajouter au panier</span></a><a id="addProductToShoppingList_54" onclick="javascript:Tapestry.waitForPage(event);" title="Ajouter à ma liste" class="bt-produit-ajout-liste" href="http://www.auchandirect.fr/rayon.productgridorlist.productlist_1.thumbnailproduct_0.addproducttoshoppinglist/5712?t:ac=605">Ajouter à ma liste</a></div><div class="infos-produit-1"><div class="prix-actuel"><span>5.04€</span></div></div><div class="infos-produit-2"><a title="Voir le produit" href="http://www.auchandirect.fr/petit-déjeuner-epicerie-sucrée/petit-déjeuner/lait-demi-écrémé/id1/484/5712"><h2>LACTEL</h2><h4>Lait demi écrémé</h4><h4></h4><p>
6 x 50 cl
<br/>
1.68€/l
</p></a></div><div class="mini_picto_bas"><!-- FIXME IDEM --><span class="com.atosworldline.ri.auchan.direct.front.tapestry.data.multimedia.Picture@7a30e810 pictoListing txtImg">XXXXX</span></div></div></div></td><td><!-- PL : ici --><div class="bloc-produit promotion"><div class="bloc-produit-content   "><a title="Voir le produit" href="../../../../bio-ecolo/boissons-bio/lait-bio-demi-%25C3%25A9cr%25C3%25A9m%25C3%25A9/id1/455/61726.html"><img src="http://www.auchandirect.fr/static/images/products/line/61726.jpg" alt="" class="produit "/></a><div class="picto"><span class="invisible"></span></div><img src="http://www.auchandirect.fr/static/images/promo_small.png" class="ruban"/><div class="boutons-produit"><a id="addProductToBasket_53" onclick="javascript:Tapestry.waitForPage(event);" title="Ajouter au panier" class="bt-produit-ajout-panier" href="http://www.auchandirect.fr/rayon.productgridorlist.productlist_1.thumbnailproduct_0.addproducttobasket/61726?t:ac=605"><span>Ajouter au panier</span></a><a id="addProductToShoppingList_55" onclick="javascript:Tapestry.waitForPage(event);" title="Ajouter à ma liste" class="bt-produit-ajout-liste" href="http://www.auchandirect.fr/rayon.productgridorlist.productlist_1.thumbnailproduct_0.addproducttoshoppinglist/61726?t:ac=605">Ajouter à ma liste</a></div><div class="infos-produit-1"><div class="prix-actuel"><span>9.25€</span></div></div><div class="infos-produit-2"><a title="Voir le produit" href="../../../../bio-ecolo/boissons-bio/lait-bio-demi-%25C3%25A9cr%25C3%25A9m%25C3%25A9/id1/455/61726.html"><h2>LACTEL</h2><h4>Lait bio demi écrémé</h4><h4></h4><p>
8 x 1 l
<br/>
1.16€/l
</p></a></div><div class="mini_picto_bas"><!-- FIXME IDEM --><span class="com.atosworldline.ri.auchan.direct.front.tapestry.data.multimedia.Picture@4241d08c pictoListing txtImg">XXXXX</span></div></div></div></td></tr><tr><td><!-- PL : ici --><div class="bloc-produit "><div class="bloc-produit-content   "><a title="Voir le produit" href="http://www.auchandirect.fr/petit-déjeuner-epicerie-sucrée/petit-déjeuner/matin-léger,-lait-demi-écrémé/id1/484/8627"><img src="http://www.auchandirect.fr/static/images/products/line/8627.jpg" alt="" class="produit "/></a><div class="picto"><span class="invisible"></span></div><div class="boutons-produit"><a id="addProductToBasket_54" onclick="javascript:Tapestry.waitForPage(event);" title="Ajouter au panier" class="bt-produit-ajout-panier" href="http://www.auchandirect.fr/rayon.productgridorlist.productlist_1.thumbnailproduct_0.addproducttobasket/8627?t:ac=605"><span>Ajouter au panier</span></a><a id="addProductToShoppingList_56" onclick="javascript:Tapestry.waitForPage(event);" title="Ajouter à ma liste" class="bt-produit-ajout-liste" href="http://www.auchandirect.fr/rayon.productgridorlist.productlist_1.thumbnailproduct_0.addproducttoshoppinglist/8627?t:ac=605">Ajouter à ma liste</a></div><div class="infos-produit-1"><div class="prix-actuel"><span>9.58€</span></div></div><div class="infos-produit-2"><a title="Voir le produit" href="http://www.auchandirect.fr/petit-déjeuner-epicerie-sucrée/petit-déjeuner/matin-léger,-lait-demi-écrémé/id1/484/8627"><h2>LACTEL</h2><h4>Matin léger, lait demi écrémé</h4><h4></h4><p>
6 x 1 l
<br/>
1.60€/l
</p></a></div><div class="mini_picto_bas"><!-- FIXME IDEM --><span class="com.atosworldline.ri.auchan.direct.front.tapestry.data.multimedia.Picture@66f42a68 pictoListing txtImg">XXXXX</span></div></div></div></td><td><!-- PL : ici --><div class="bloc-produit "><div class="bloc-produit-content   "><a title="Voir le produit" href="http://www.auchandirect.fr/bio-ecolo/boissons-bio/lait-entier/id1/455/44747"><img src="http://www.auchandirect.fr/static/images/products/line/44747.jpg" alt="" class="produit "/></a><div class="picto"><span class="invisible"></span></div><div class="boutons-produit"><a id="addProductToBasket_55" onclick="javascript:Tapestry.waitForPage(event);" title="Ajouter au panier" class="bt-produit-ajout-panier" href="http://www.auchandirect.fr/rayon.productgridorlist.productlist_1.thumbnailproduct_0.addproducttobasket/44747?t:ac=605"><span>Ajouter au panier</span></a><a id="addProductToShoppingList_57" onclick="javascript:Tapestry.waitForPage(event);" title="Ajouter à ma liste" class="bt-produit-ajout-liste" href="http://www.auchandirect.fr/rayon.productgridorlist.productlist_1.thumbnailproduct_0.addproducttoshoppinglist/44747?t:ac=605">Ajouter à ma liste</a></div><div class="infos-produit-1"><div class="prix-actuel"><span>10.65€</span></div></div><div class="infos-produit-2"><a title="Voir le produit" href="http://www.auchandirect.fr/bio-ecolo/boissons-bio/lait-entier/id1/455/44747"><h2>LACTEL</h2><h4>Lait entier</h4><h4>Bio</h4><p>
6 X 1 l
<br/>
1.78€/l
</p></a></div><div class="mini_picto_bas"><!-- FIXME IDEM --><span class="com.atosworldline.ri.auchan.direct.front.tapestry.data.multimedia.Picture@6f98ae11 pictoListing txtImg">XXXXX</span><!-- FIXME IDEM --><span class="com.atosworldline.ri.auchan.direct.front.tapestry.data.multimedia.Picture@10cc1754 pictoListing txtImg">XXXXX</span></div></div></div></td><td><!-- PL : ici --><div class="bloc-produit "><div class="bloc-produit-content   "><a title="Voir le produit" href="http://www.auchandirect.fr/petit-déjeuner-epicerie-sucrée/petit-déjeuner/lait-entier-enrichi-à-la-vitamine-d/id1/484/4715"><img src="http://www.auchandirect.fr/static/images/products/line/4715.jpg" alt="" class="produit "/></a><div class="picto"><span class="invisible"></span></div><div class="boutons-produit"><a id="addProductToBasket_56" onclick="javascript:Tapestry.waitForPage(event);" title="Ajouter au panier" class="bt-produit-ajout-panier" href="http://www.auchandirect.fr/rayon.productgridorlist.productlist_1.thumbnailproduct_0.addproducttobasket/4715?t:ac=605"><span>Ajouter au panier</span></a><a id="addProductToShoppingList_58" onclick="javascript:Tapestry.waitForPage(event);" title="Ajouter à ma liste" class="bt-produit-ajout-liste" href="http://www.auchandirect.fr/rayon.productgridorlist.productlist_1.thumbnailproduct_0.addproducttoshoppinglist/4715?t:ac=605">Ajouter à ma liste</a></div><div class="infos-produit-1"><div class="prix-actuel"><span>8.26€</span></div></div><div class="infos-produit-2"><a title="Voir le produit" href="http://www.auchandirect.fr/petit-déjeuner-epicerie-sucrée/petit-déjeuner/lait-entier-enrichi-à-la-vitamine-d/id1/484/4715"><h2>LACTEL</h2><h4>Lait entier enrichi à la vitamine D</h4><h4></h4><p>
6 x 1 l
<br/>
1.38€/l
</p></a></div><div class="mini_picto_bas"><!-- FIXME IDEM --><span class="com.atosworldline.ri.auchan.direct.front.tapestry.data.multimedia.Picture@4fd89df1 pictoListing txtImg">XXXXX</span></div></div></div></td></tr><tr><td><!-- PL : ici --><div class="bloc-produit "><div class="bloc-produit-content   "><a title="Voir le produit" href="http://www.auchandirect.fr/petit-déjeuner-epicerie-sucrée/petit-déjeuner/lait-entier-pasteurisé/id1/484/47317"><img src="http://www.auchandirect.fr/static/images/products/line/47317.jpg" alt="" class="produit "/></a><div class="picto"><span class="invisible"></span></div><div class="boutons-produit"><a id="addProductToBasket_57" onclick="javascript:Tapestry.waitForPage(event);" title="Ajouter au panier" class="bt-produit-ajout-panier" href="http://www.auchandirect.fr/rayon.productgridorlist.productlist_1.thumbnailproduct_0.addproducttobasket/47317?t:ac=605"><span>Ajouter au panier</span></a><a id="addProductToShoppingList_59" onclick="javascript:Tapestry.waitForPage(event);" title="Ajouter à ma liste" class="bt-produit-ajout-liste" href="http://www.auchandirect.fr/rayon.productgridorlist.productlist_1.thumbnailproduct_0.addproducttoshoppinglist/47317?t:ac=605">Ajouter à ma liste</a></div><div class="infos-produit-1"><div class="prix-actuel"><span>1.35€</span></div></div><div class="infos-produit-2"><a title="Voir le produit" href="http://www.auchandirect.fr/petit-déjeuner-epicerie-sucrée/petit-déjeuner/lait-entier-pasteurisé/id1/484/47317"><h2>LACTEL</h2><h4>Lait entier pasteurisé</h4><h4></h4><p>
1 l
<br/>
1.35€/l
</p></a></div><div class="mini_picto_bas"><!-- FIXME IDEM --><span class="com.atosworldline.ri.auchan.direct.front.tapestry.data.multimedia.Picture@1669622b pictoListing txtImg">XXXXX</span><!-- FIXME IDEM --><span class="com.atosworldline.ri.auchan.direct.front.tapestry.data.multimedia.Picture@60ac008b pictoListing txtImg">XXXXX</span></div></div></div></td><td><!-- PL : ici --><div class="bloc-produit "><div class="bloc-produit-content   "><a title="Voir le produit" href="http://www.auchandirect.fr/produits-laitiers,-œufs/crémerie,-oeufs/lait-écrémé/id1/459/4714"><img src="http://www.auchandirect.fr/static/images/products/line/4714.jpg" alt="" class="produit "/></a><div class="picto"><span class="invisible"></span></div><div class="boutons-produit"><a id="addProductToBasket_58" onclick="javascript:Tapestry.waitForPage(event);" title="Ajouter au panier" class="bt-produit-ajout-panier" href="http://www.auchandirect.fr/rayon.productgridorlist.productlist_1.thumbnailproduct_0.addproducttobasket/4714?t:ac=605"><span>Ajouter au panier</span></a><a id="addProductToShoppingList_60" onclick="javascript:Tapestry.waitForPage(event);" title="Ajouter à ma liste" class="bt-produit-ajout-liste" href="http://www.auchandirect.fr/rayon.productgridorlist.productlist_1.thumbnailproduct_0.addproducttoshoppinglist/4714?t:ac=605">Ajouter à ma liste</a></div><div class="infos-produit-1"><div class="prix-actuel"><span>8.24€</span></div></div><div class="infos-produit-2"><a title="Voir le produit" href="http://www.auchandirect.fr/produits-laitiers,-œufs/crémerie,-oeufs/lait-écrémé/id1/459/4714"><h2>LACTEL</h2><h4>Lait écrémé</h4><h4>Jour après jour</h4><p>
6 x 1 l
<br/>
1.37€/l
</p></a></div><div class="mini_picto_bas"><!-- FIXME IDEM --><span class="com.atosworldline.ri.auchan.direct.front.tapestry.data.multimedia.Picture@4e9292af pictoListing txtImg">XXXXX</span></div></div></div></td><td><!-- PL : ici --><div class="bloc-produit "><div class="bloc-produit-content   "><a title="Voir le produit" href="http://www.auchandirect.fr/petit-déjeuner-epicerie-sucrée/petit-déjeuner/lait-de-chèvre-demi-écrémé/id1/484/58209"><img src="http://www.auchandirect.fr/static/images/products/line/58209.jpg" alt="" class="produit "/></a><div class="picto"><span class="invisible"></span></div><div class="boutons-produit"><a id="addProductToBasket_59" onclick="javascript:Tapestry.waitForPage(event);" title="Ajouter au panier" class="bt-produit-ajout-panier" href="http://www.auchandirect.fr/rayon.productgridorlist.productlist_1.thumbnailproduct_0.addproducttobasket/58209?t:ac=605"><span>Ajouter au panier</span></a><a id="addProductToShoppingList_61" onclick="javascript:Tapestry.waitForPage(event);" title="Ajouter à ma liste" class="bt-produit-ajout-liste" href="http://www.auchandirect.fr/rayon.productgridorlist.productlist_1.thumbnailproduct_0.addproducttoshoppinglist/58209?t:ac=605">Ajouter à ma liste</a></div><div class="infos-produit-1"><div class="prix-actuel"><span>2.00€</span></div></div><div class="infos-produit-2"><a title="Voir le produit" href="http://www.auchandirect.fr/petit-déjeuner-epicerie-sucrée/petit-déjeuner/lait-de-chèvre-demi-écrémé/id1/484/58209"><h2>LACTEL</h2><h4>Lait de chèvre demi écrémé</h4><h4></h4><p>
1 l
<br/>
2.00€/l
</p></a></div><div class="mini_picto_bas"><!-- FIXME IDEM --><span class="com.atosworldline.ri.auchan.direct.front.tapestry.data.multimedia.Picture@45d79050 pictoListing txtImg">XXXXX</span></div></div></div></td></tr><tr><td><!-- PL : ici --><div class="bloc-produit  bientot-dispo"><div class="bloc-produit-content   "><a title="Voir le produit" href="http://www.auchandirect.fr/bébé/laits-bébé/croissance-(10-mois-à-3-ans)-arôme-vanille/id1/487/4701"><img src="http://www.auchandirect.fr/static/images/products/line/4701.jpg" alt="" class="produit "/></a><div class="picto"><span class="invisible"></span></div><div class="boutons-produit"><a class="bt-produit-ajout-panier disable" title="Bientôt disponible" href="javascript:void(0)"><span>Bientôt disponible</span></a><a id="addProductToShoppingList_62" onclick="javascript:Tapestry.waitForPage(event);" title="Ajouter à ma liste" class="bt-produit-ajout-liste" href="http://www.auchandirect.fr/rayon.productgridorlist.productlist_1.thumbnailproduct_0.addproducttoshoppinglist/4701?t:ac=605">Ajouter à ma liste</a></div><div class="infos-produit-1"><div class="prix-actuel"><span>13.02€</span></div></div><div class="infos-produit-2"><a title="Voir le produit" href="http://www.auchandirect.fr/bébé/laits-bébé/croissance-(10-mois-à-3-ans)-arôme-vanille/id1/487/4701"><h2>LACTEL</h2><h4>Croissance (10 mois à 3 ans) arôme vanille</h4><h4>Eveil</h4><p>
6 x 1 l
<br/>
2.17€/l
</p></a></div><div class="mini_picto_bas"><!-- FIXME IDEM --><span class="com.atosworldline.ri.auchan.direct.front.tapestry.data.multimedia.Picture@66a4f88c pictoListing txtImg">XXXXX</span></div></div></div></td><td><!-- PL : ici --><div class="bloc-produit "><div class="bloc-produit-content   "><a title="Voir le produit" href="http://www.auchandirect.fr/petit-déjeuner-epicerie-sucrée/petit-déjeuner/lait-frais-demi-écrémé/id1/484/38426"><img src="http://www.auchandirect.fr/static/images/products/line/38426.jpg" alt="" class="produit "/></a><div class="picto"><span class="invisible"></span></div><div class="boutons-produit"><a id="addProductToBasket_60" onclick="javascript:Tapestry.waitForPage(event);" title="Ajouter au panier" class="bt-produit-ajout-panier" href="http://www.auchandirect.fr/rayon.productgridorlist.productlist_1.thumbnailproduct_0.addproducttobasket/38426?t:ac=605"><span>Ajouter au panier</span></a><a id="addProductToShoppingList_63" onclick="javascript:Tapestry.waitForPage(event);" title="Ajouter à ma liste" class="bt-produit-ajout-liste" href="http://www.auchandirect.fr/rayon.productgridorlist.productlist_1.thumbnailproduct_0.addproducttoshoppinglist/38426?t:ac=605">Ajouter à ma liste</a></div><div class="infos-produit-1"><div class="prix-actuel"><span>1.53€</span></div></div><div class="infos-produit-2"><a title="Voir le produit" href="http://www.auchandirect.fr/petit-déjeuner-epicerie-sucrée/petit-déjeuner/lait-frais-demi-écrémé/id1/484/38426"><h2>MARGUERITE</h2><h4>Lait frais demi écrémé</h4><h4></h4><p>
1 l
<br/>
1.53€/l
</p></a></div><div class="mini_picto_bas"><!-- FIXME IDEM --><span class="com.atosworldline.ri.auchan.direct.front.tapestry.data.multimedia.Picture@14261df1 pictoListing txtImg">XXXXX</span><!-- FIXME IDEM --><span class="com.atosworldline.ri.auchan.direct.front.tapestry.data.multimedia.Picture@5277c38c pictoListing txtImg">XXXXX</span></div></div></div></td><td><!-- PL : ici --><div class="bloc-produit "><div class="bloc-produit-content   "><a title="Voir le produit" href="http://www.auchandirect.fr/petit-déjeuner-epicerie-sucrée/desserts,-ingrédients/lait-concentré-en-tube/id1/486/26340"><img src="http://www.auchandirect.fr/static/images/products/line/26340.jpg" alt="" class="produit "/></a><div class="picto"><span class="invisible"></span></div><div class="boutons-produit"><a id="addProductToBasket_61" onclick="javascript:Tapestry.waitForPage(event);" title="Ajouter au panier" class="bt-produit-ajout-panier" href="http://www.auchandirect.fr/rayon.productgridorlist.productlist_1.thumbnailproduct_0.addproducttobasket/26340?t:ac=605"><span>Ajouter au panier</span></a><a id="addProductToShoppingList_64" onclick="javascript:Tapestry.waitForPage(event);" title="Ajouter à ma liste" class="bt-produit-ajout-liste" href="http://www.auchandirect.fr/rayon.productgridorlist.productlist_1.thumbnailproduct_0.addproducttoshoppinglist/26340?t:ac=605">Ajouter à ma liste</a></div><div class="infos-produit-1"><div class="prix-actuel"><span>2.27€</span></div></div><div class="infos-produit-2"><a title="Voir le produit" href="http://www.auchandirect.fr/petit-déjeuner-epicerie-sucrée/desserts,-ingrédients/lait-concentré-en-tube/id1/486/26340"><h2>NESTLE</h2><h4>Lait concentré en tube</h4><h4></h4><p>
2 x 170 g
<br/>
6.68€/kg
</p></a></div><div class="mini_picto_bas"><!-- FIXME IDEM --><span class="com.atosworldline.ri.auchan.direct.front.tapestry.data.multimedia.Picture@664afaeb pictoListing txtImg">XXXXX</span></div></div></div></td></tr><tr><td><!-- PL : ici --><div class="bloc-produit  bientot-dispo"><div class="bloc-produit-content   "><a title="Voir le produit" href="http://www.auchandirect.fr/petit-déjeuner-epicerie-sucrée/desserts,-ingrédients/lait-concentré-1/2-écrémé-non-sucré-pour-cuisiner/id1/486/100181"><img src="http://www.auchandirect.fr/static/images/products/line/100181.jpg" alt="" class="produit "/></a><div class="picto"><span class="invisible"></span></div><div class="boutons-produit"><a class="bt-produit-ajout-panier disable" title="Bientôt disponible" href="javascript:void(0)"><span>Bientôt disponible</span></a><a id="addProductToShoppingList_65" onclick="javascript:Tapestry.waitForPage(event);" title="Ajouter à ma liste" class="bt-produit-ajout-liste" href="http://www.auchandirect.fr/rayon.productgridorlist.productlist_1.thumbnailproduct_0.addproducttoshoppinglist/100181?t:ac=605">Ajouter à ma liste</a></div><div class="infos-produit-1"><div class="prix-actuel"><span>3.83€</span></div></div><div class="infos-produit-2"><a title="Voir le produit" href="http://www.auchandirect.fr/petit-déjeuner-epicerie-sucrée/desserts,-ingrédients/lait-concentré-1/2-écrémé-non-sucré-pour-cuisiner/id1/486/100181"><h2>NESTLE</h2><h4>Lait concentré 1/2 écrémé non sucré pour cuisiner</h4><h4>Gloria</h4><p>
3 x 410 g
<br/>
3.11€/kg
</p></a></div><div class="mini_picto_bas"><!-- FIXME IDEM --><span class="com.atosworldline.ri.auchan.direct.front.tapestry.data.multimedia.Picture@4756090e pictoListing txtImg">XXXXX</span></div></div></div></td><td><!-- PL : ici --><div class="bloc-produit "><div class="bloc-produit-content   "><a title="Voir le produit" href="http://www.auchandirect.fr/petit-déjeuner-epicerie-sucrée/desserts,-ingrédients/lait-concentré/id1/486/100416"><img src="http://www.auchandirect.fr/static/images/products/line/100416.jpg" alt="" class="produit "/></a><div class="picto"><span class="invisible"></span></div><div class="boutons-produit"><a id="addProductToBasket_62" onclick="javascript:Tapestry.waitForPage(event);" title="Ajouter au panier" class="bt-produit-ajout-panier" href="http://www.auchandirect.fr/rayon.productgridorlist.productlist_1.thumbnailproduct_0.addproducttobasket/100416?t:ac=605"><span>Ajouter au panier</span></a><a id="addProductToShoppingList_66" onclick="javascript:Tapestry.waitForPage(event);" title="Ajouter à ma liste" class="bt-produit-ajout-liste" href="http://www.auchandirect.fr/rayon.productgridorlist.productlist_1.thumbnailproduct_0.addproducttoshoppinglist/100416?t:ac=605">Ajouter à ma liste</a></div><div class="infos-produit-1"><div class="prix-actuel"><span>2.08€</span></div></div><div class="infos-produit-2"><a title="Voir le produit" href="http://www.auchandirect.fr/petit-déjeuner-epicerie-sucrée/desserts,-ingrédients/lait-concentré/id1/486/100416"><h2>NESTLE</h2><h4>Lait concentré</h4><h4>Sucré</h4><p>
397 g
<br/>
5.24€/kg
</p></a></div><div class="mini_picto_bas"><!-- FIXME IDEM --><span class="com.atosworldline.ri.auchan.direct.front.tapestry.data.multimedia.Picture@616c9ab8 pictoListing txtImg">XXXXX</span></div></div></div></td><td><!-- PL : ici --><div class="bloc-produit "><div class="bloc-produit-content   "><a title="Voir le produit" href="http://www.auchandirect.fr/bio-ecolo/boissons-bio/lait-écrémé-en-poudre/id1/455/3141"><img src="http://www.auchandirect.fr/static/images/products/line/3141.jpg" alt="" class="produit "/></a><div class="picto"><span class="invisible"></span></div><div class="boutons-produit"><a id="addProductToBasket_63" onclick="javascript:Tapestry.waitForPage(event);" title="Ajouter au panier" class="bt-produit-ajout-panier" href="http://www.auchandirect.fr/rayon.productgridorlist.productlist_1.thumbnailproduct_0.addproducttobasket/3141?t:ac=605"><span>Ajouter au panier</span></a><a id="addProductToShoppingList_67" onclick="javascript:Tapestry.waitForPage(event);" title="Ajouter à ma liste" class="bt-produit-ajout-liste" href="http://www.auchandirect.fr/rayon.productgridorlist.productlist_1.thumbnailproduct_0.addproducttoshoppinglist/3141?t:ac=605">Ajouter à ma liste</a></div><div class="infos-produit-1"><div class="prix-actuel"><span>3.06€</span></div></div><div class="infos-produit-2"><a title="Voir le produit" href="http://www.auchandirect.fr/bio-ecolo/boissons-bio/lait-écrémé-en-poudre/id1/455/3141"><h2>REGILAIT</h2><h4>Lait écrémé en poudre</h4><h4>Bio</h4><p>
250 g
<br/>
12.24€/kg
</p></a></div><div class="mini_picto_bas"><!-- FIXME IDEM --><span class="com.atosworldline.ri.auchan.direct.front.tapestry.data.multimedia.Picture@702806d6 pictoListing txtImg">XXXXX</span><!-- FIXME IDEM --><span class="com.atosworldline.ri.auchan.direct.front.tapestry.data.multimedia.Picture@53d90520 pictoListing txtImg">XXXXX</span></div></div></div></td></tr><tr><td><!-- PL : ici --><div class="bloc-produit "><div class="bloc-produit-content   "><a title="Voir le produit" href="http://www.auchandirect.fr/petit-déjeuner-epicerie-sucrée/petit-déjeuner/lait-demi-écrémé-en-poudre/id1/484/1403"><img src="http://www.auchandirect.fr/static/images/products/line/1403.jpg" alt="" class="produit "/></a><div class="picto"><span class="invisible"></span></div><div class="boutons-produit"><a id="addProductToBasket_64" onclick="javascript:Tapestry.waitForPage(event);" title="Ajouter au panier" class="bt-produit-ajout-panier" href="http://www.auchandirect.fr/rayon.productgridorlist.productlist_1.thumbnailproduct_0.addproducttobasket/1403?t:ac=605"><span>Ajouter au panier</span></a><a id="addProductToShoppingList_68" onclick="javascript:Tapestry.waitForPage(event);" title="Ajouter à ma liste" class="bt-produit-ajout-liste" href="http://www.auchandirect.fr/rayon.productgridorlist.productlist_1.thumbnailproduct_0.addproducttoshoppinglist/1403?t:ac=605">Ajouter à ma liste</a></div><div class="infos-produit-1"><div class="prix-actuel"><span>2.46€</span></div></div><div class="infos-produit-2"><a title="Voir le produit" href="http://www.auchandirect.fr/petit-déjeuner-epicerie-sucrée/petit-déjeuner/lait-demi-écrémé-en-poudre/id1/484/1403"><h2>REGILAIT</h2><h4>Lait demi-écrémé en poudre</h4><h4></h4><p>
300 g
<br/>
8.20€/kg
</p></a></div><div class="mini_picto_bas"><!-- FIXME IDEM --><span class="com.atosworldline.ri.auchan.direct.front.tapestry.data.multimedia.Picture@6e3e8934 pictoListing txtImg">XXXXX</span></div></div></div></td><td></td><td></td></tr></table></div></div></div><!-- t:zone t:id="productListZone" t:update="show">
							<t:if test="specificCategory">
								<div id="${productListDivId}" class="liste clear-container">
									<bean t:type="products/lists/productList" categoryId="categoryId" products="products" listType="displayType" specifCategory="true" />
								</div>
							<p:else>
								<div id="${productListDivId}" class="liste clear-container">
									<bean t:type="products/lists/productList" categoryId="categoryId" products="products" listType="displayType" />
								</div>
							</p:else>
							</t:if>
						</t:zone --><!-- Bannière bas --><div class="zone-admin diff-zone"></div><!--  --><div class="clear-container" id="liste-produits-infos"><p>
Si vous avez des suggestions de produits,
<a id="suggestionPopup" onclick="javascript:Tapestry.waitForPage(event);" class="orange-link" shape="rect" href="http://www.auchandirect.fr/rayon.suggestionpopup?t:ac=605">dites-le nous !</a><span class="backtotop"><a shape="rect" href="605.html#top">Retour en haut de page</a></span></p></div></div><div style="position: relative" class="right-content"><div style="position: relative" id="wrapper_for_fixed_content"><!-- <div id="wrapper_for_fixed_content" xmlns:t="http://tapestry.apache.org/schema/tapestry_5_1_0.xsd" xmlns:p="tapestry:parameter"> --><div id="tout-en-un-client"><div class="item first" id="tout-en-un-compte"><h3>Mon Compte</h3><p><a id="eventlink" onclick="javascript:Tapestry.waitForPage(event);" href="http://www.auchandirect.fr/rayon.customerinfos:showsigninpopup?t:ac=605">Identifiez-vous</a><a> - </a><a id="registerPopup" onclick="javascript:Tapestry.waitForPage(event);" href="http://www.auchandirect.fr/rayon.customerinfos.registerpopup?t:ac=605">Inscrivez-vous</a></p></div><div class="item" id="tout-en-un-commandes"><h3>Mes commandes</h3><p><a id="popupAuth" onclick="javascript:Tapestry.waitForPage(event);" href="http://www.auchandirect.fr/rayon.customerinfos.popupauth?t:ac=605">Consultez vos commandes en cours et passées</a></p></div><div class="item" id="tout-en-un-livraison"><h3>
Ma livraison
</h3><p class="t-zone" id="slotInfoZone"><a id="showSlotTab" onclick="javascript:Tapestry.waitForPage(event);" href="http://www.auchandirect.fr/rayon.customerinfos.slotinfo.showslottab?t:ac=605"><span class="item-texte">
Prochaine livraison possible
</span><span class="item-date">jeudi 28/03 entre 07h00 et 09h00</span></a></p></div><div class="t-zone" id="accountSummaryTabContentZone"><div id="onglets"><ul class="menu menu-horizontal tabs float-container"><li><a id="basket" onclick="javascript:Tapestry.waitForPage(event);" title="Mon panier" class="onglet-panier current" href="http://www.auchandirect.fr/rayon.customerinfos.basket?t:ac=605"><span class="invisible">Mon panier</span></a></li><li><a id="lists" onclick="javascript:Tapestry.waitForPage(event);" title="Mes listes" class="onglet-listes " href="http://www.auchandirect.fr/rayon.customerinfos.lists?t:ac=605"><span class="invisible">Mes listes</span></a></li><li><a id="topBasket" onclick="javascript:Tapestry.waitForPage(event);" title="Lancer mon top panier" class="onglet-top-panier " href="http://www.auchandirect.fr/rayon.customerinfos.topbasket?t:ac=605"><span class="invisible">Mon top panier</span></a></li></ul><div class="panes"><div class="item" id="panel-panier"><div class="t-zone" id="completeMiniBasketZone"><div class="t-zone" id="miniBasket"><p>Votre panier est vide</p><ul class="menu menu-horizontal"><li><a title="Voir le détails de votre panier" class="panier-bt-voir" href="../../../../monpanier.html"></a></li></ul></div><div class="bouton-right-container"><div class="container-bouton-type1"><a id="validateBasket" onclick="javascript:Tapestry.waitForPage(event);" class="bouton-type1" href="http://www.auchandirect.fr/rayon.customerinfos.minibasket.validatebasket?t:ac=605">
Valider mon panier
</a></div></div><div class="clear"></div></div></div></div></div></div></div><!-- </div> --><!-- <bean t:type="misc/commitment/expandedCommitment" /> --></div></div></div></div><!-- div class="float-container" id="footer-menu-annexe" xmlns:t="http://tapestry.apache.org/schema/tapestry_5_1_0.xsd">
	<ul class="menu menu-horizontal">
		<li>
			<t:pagelink t:page="apropos/engagement">
				<t:outputraw value="message:link.engagement.lbl" />
			</t:pagelink>
		</li>
		<li>
			<t:pagelink t:page="apropos/contact">
				<t:outputraw value="message:link.contact.lbl" />
			</t:pagelink>
		</li>
		<li>
			<t:pagelink t:page="apropos/faq">
				<t:outputraw value="message:link.faq.lbl" />
			</t:pagelink>
		</li>
		<li>
			<t:pagelink t:page="apropos/cgv">
				<t:outputraw value="message:link.cgv.lbl" />
			</t:pagelink>
		</li>
		<li>
			<t:pagelink t:page="apropos/operations">
				<t:outputraw value="message:link.operations.lbl" />
			</t:pagelink>
		</li>
		<li>
			<t:pagelink t:page="apropos/legal">
				<t:outputraw value="message:link.legal.lbl" />
			</t:pagelink>
		</li>
	</ul>
</div --><div id="footer-menu-annexe" class="float-container">
<ul class="menu menu-horizontal">
	<li><a href="http://www.auchandirect.fr/apropos/engagement">Engagements</a></li>
	<li><a href="http://www.auchandirect.fr/apropos/contact">Contactez-nous</a></li>
	<li><a href="http://www.auchandirect.fr/apropos/faq">FAQ</a></li>
	<li><a href="http://www.auchandirect.fr/apropos/cgv">Conditions g&eacute;n&eacute;rales de vente</a></li>
	<li><a href="http://www.auchandirect.fr/apropos/operations">Op&eacute;rations commerciales</a></li>
	<li><a href="http://www.auchandirect.fr/apropos/legal">Mentions l&eacute;gales</a></li>
	<li><a href="../../../../actu.html">Actualit&eacute;s</a> </li>
</ul>
</div>
<!-- div class="float-container" id="footer-infos" xmlns:t="http://tapestry.apache.org/schema/tapestry_5_1_0.xsd">
	<div id="info-facebook">
		<a href="http://www.facebook.com/Auchandirect.fr" target="_blank">
			<img width="26" height="26" alt="${message:facebook.img.alt}" src="/static/images/icone-facebook.png" />
		</a>
		<a href="http://www.facebook.com/Auchandirect.fr" target="_blank">	
			<span><t:outputraw value="message:facebook.fan.lbl" /></span>
		</a>
	</div>
	<div id="infos-contact">
		<div id="infos-contact-titre">
			<t:outputraw value="message:info.contact.lbl" />
		</div>
		<div id="infos-contact-tel">
			<t:outputraw value="message:info.phone.lbl" />
		</div>
		<div id="infos-contact-mail">
			<t:outputraw value="message:info.mail.lbl" />
		</div>
		<div id="eco-responsable">
			<img src="/static/images/picto-carton.png" width="142" height="126" alt="${message:eco.resp.alt}" />
		</div>
	</div>
</div --><div id="footer-infos" class="float-container">
<div id="info-facebook">
<a href="http://www.facebook.com/Auchandirect.fr" target="_blank"><img src="http://www.auchandirect.fr/static/images/icone-facebook.png" alt="auchandirect sur facebook" width="26" height="26" /></a><a href="http://www.facebook.com/Auchandirect.fr" target="_blank"><span>Devenez fan !</span></a>
</div>
<div id="infos-contact">
<div id="infos-contact-titre">
Contactez votre service client :
</div>
<div id="infos-contact-tel">
<strong>Par t&eacute;l&eacute;phone : 09 69 39 19 69 </strong>Du lundi au vendredi de 8H &agrave; 22H et le samedi de 9H &agrave; 18H (Appel non surtax&eacute;)
</div>
<div id="infos-contact-mail">
<strong>Par email : <a href="mailto:client@auchandirect.fr">client@auchandirect.fr</a></strong>
</div>
<div id="eco-responsable">
<img src="http://www.auchandirect.fr/static/images/picto-carton.png" alt="eco-responsable" width="142" height="126" />
</div>
</div>
</div>
</div><div><a onclick="javascript:Tapestry.waitForPage(event);" id="closeButtonHk" href="http://www.auchandirect.fr/rayon.pagetemplate.fancycloseprovidergabarit.closebuttonhk?t:ac=605"></a></div><div class="t-zone" id="popupZone"></div><div class="t-zone" id="secondPopupZone"></div><div class="t-zone" id="closePopupZone"></div><a style="display:none;" id="showPopupLink" href="605.html#popupContent" class="fancylink"></a><div style="display:none"><div class="t-zone" id="forceAjax"></div></div><script type="text/javascript">
var gaJsHost = (("https:" == document.location.protocol) ? "https://ssl." : "http://www.");
document.write(unescape("%3Cscript src='" + gaJsHost + "google-analytics.com/ga.js' type='text/javascript'%3E%3C/script%3E"));
</script><script type="text/javascript">
var pageTracker = _gat._getTracker("UA-3062526-1");
pageTracker._initData();
pageTracker._trackPageview();
pageTracker._trackPageLoadTime();
</script><script src="http://www.auchandirect.fr/assets/ctx/296dafb4649acaf9/static/scripts/adi_all.js" type="text/javascript"></script><script src="http://www.auchandirect.fr/assets/ctx/296dafb4649acaf9/static/scripts/atos-fancy-fix.js" type="text/javascript"></script><script src="http://www.auchandirect.fr/assets/ctx/296dafb4649acaf9/static/fancybox/jquery.fancybox-1.3.4.js" type="text/javascript"></script><div id="endpiejs"></div><script type="text/javascript">Tapestry.onDOMLoaded(function() {
Tapestry.init({"popup":[[]],"linkZone":[["newsLetterPopup","forceAjax","/rayon.pagetemplate.header.headertop.newsletterpopup?t:ac=605"],["sortForm","productListZone","/rayon.productgridorlist.sortform"],["list","productListZone","/rayon.productgridorlist.list?t:ac=605"],["thumbnail","productListZone","/rayon.productgridorlist.thumbnail?t:ac=605"],["viewSubCatPgol","labelZone","/rayon.productgridorlist.viewsubcatpgol/1003?t:ac=605"],["viewSubCatPgol_0","labelZone","/rayon.productgridorlist.viewsubcatpgol/1002?t:ac=605"],["viewSubCatPgol_1","labelZone","/rayon.productgridorlist.viewsubcatpgol/1006?t:ac=605"],["viewSubCatPgol_2","labelZone","/rayon.productgridorlist.viewsubcatpgol/1005?t:ac=605"],["viewSubCatPgol_3","labelZone","/rayon.productgridorlist.viewsubcatpgol/1004?t:ac=605"],["viewSubCatPgol_4","labelZone","/rayon.productgridorlist.viewsubcatpgol/1010?t:ac=605"],["viewSubCatPgol_5","labelZone","/rayon.productgridorlist.viewsubcatpgol/1011?t:ac=605"],["viewSubCatPgol_6","labelZone","/rayon.productgridorlist.viewsubcatpgol/1007?t:ac=605"],["viewSubCatPgol_7","labelZone","/rayon.productgridorlist.viewsubcatpgol/1008?t:ac=605"],["filterPromos","productListZone","/rayon.productgridorlist.filterpromos?t:ac=605"],["filterAuchan","productListZone","/rayon.productgridorlist.filterauchan?t:ac=605"],["viewAllBrands","labelZone","/rayon.productgridorlist.viewallbrands?t:ac=605"],["addProductToBasket","forceAjax","/rayon.productgridorlist.productlist_1.thumbnailproduct_0.addproducttobasket/4723?t:ac=605"],["addProductToShoppingList","forceAjax","/rayon.productgridorlist.productlist_1.thumbnailproduct_0.addproducttoshoppinglist/4723?t:ac=605"],["addProductToBasket_0","forceAjax","/rayon.productgridorlist.productlist_1.thumbnailproduct_0.addproducttobasket/52106?t:ac=605"],["addProductToShoppingList_0","forceAjax","/rayon.productgridorlist.productlist_1.thumbnailproduct_0.addproducttoshoppinglist/52106?t:ac=605"],["addProductToBasket_1","forceAjax","/rayon.productgridorlist.productlist_1.thumbnailproduct_0.addproducttobasket/102987?t:ac=605"],["addProductToShoppingList_1","forceAjax","/rayon.productgridorlist.productlist_1.thumbnailproduct_0.addproducttoshoppinglist/102987?t:ac=605"],["addProductToBasket_2","forceAjax","/rayon.productgridorlist.productlist_1.thumbnailproduct_0.addproducttobasket/52108?t:ac=605"],["addProductToShoppingList_2","forceAjax","/rayon.productgridorlist.productlist_1.thumbnailproduct_0.addproducttoshoppinglist/52108?t:ac=605"],["addProductToBasket_3","forceAjax","/rayon.productgridorlist.productlist_1.thumbnailproduct_0.addproducttobasket/6878?t:ac=605"],["addProductToShoppingList_3","forceAjax","/rayon.productgridorlist.productlist_1.thumbnailproduct_0.addproducttoshoppinglist/6878?t:ac=605"],["addProductToBasket_4","forceAjax","/rayon.productgridorlist.productlist_1.thumbnailproduct_0.addproducttobasket/37508?t:ac=605"],["addProductToShoppingList_4","forceAjax","/rayon.productgridorlist.productlist_1.thumbnailproduct_0.addproducttoshoppinglist/37508?t:ac=605"],["addProductToBasket_5","forceAjax","/rayon.productgridorlist.productlist_1.thumbnailproduct_0.addproducttobasket/91542?t:ac=605"],["addProductToShoppingList_5","forceAjax","/rayon.productgridorlist.productlist_1.thumbnailproduct_0.addproducttoshoppinglist/91542?t:ac=605"],["addProductToBasket_6","forceAjax","/rayon.productgridorlist.productlist_1.thumbnailproduct_0.addproducttobasket/34919?t:ac=605"],["addProductToShoppingList_6","forceAjax","/rayon.productgridorlist.productlist_1.thumbnailproduct_0.addproducttoshoppinglist/34919?t:ac=605"],["addProductToBasket_7","forceAjax","/rayon.productgridorlist.productlist_1.thumbnailproduct_0.addproducttobasket/52450?t:ac=605"],["addProductToShoppingList_7","forceAjax","/rayon.productgridorlist.productlist_1.thumbnailproduct_0.addproducttoshoppinglist/52450?t:ac=605"],["addProductToBasket_8","forceAjax","/rayon.productgridorlist.productlist_1.thumbnailproduct_0.addproducttobasket/59680?t:ac=605"],["addProductToShoppingList_8","forceAjax","/rayon.productgridorlist.productlist_1.thumbnailproduct_0.addproducttoshoppinglist/59680?t:ac=605"],["addProductToBasket_9","forceAjax","/rayon.productgridorlist.productlist_1.thumbnailproduct_0.addproducttobasket/45527?t:ac=605"],["addProductToShoppingList_9","forceAjax","/rayon.productgridorlist.productlist_1.thumbnailproduct_0.addproducttoshoppinglist/45527?t:ac=605"],["addProductToBasket_10","forceAjax","/rayon.productgridorlist.productlist_1.thumbnailproduct_0.addproducttobasket/35023?t:ac=605"],["addProductToShoppingList_10","forceAjax","/rayon.productgridorlist.productlist_1.thumbnailproduct_0.addproducttoshoppinglist/35023?t:ac=605"],["addProductToBasket_11","forceAjax","/rayon.productgridorlist.productlist_1.thumbnailproduct_0.addproducttobasket/35024?t:ac=605"],["addProductToShoppingList_11","forceAjax","/rayon.productgridorlist.productlist_1.thumbnailproduct_0.addproducttoshoppinglist/35024?t:ac=605"],["addProductToBasket_12","forceAjax","/rayon.productgridorlist.productlist_1.thumbnailproduct_0.addproducttobasket/92227?t:ac=605"],["addProductToShoppingList_12","forceAjax","/rayon.productgridorlist.productlist_1.thumbnailproduct_0.addproducttoshoppinglist/92227?t:ac=605"],["addProductToBasket_13","forceAjax","/rayon.productgridorlist.productlist_1.thumbnailproduct_0.addproducttobasket/60311?t:ac=605"],["addProductToShoppingList_13","forceAjax","/rayon.productgridorlist.productlist_1.thumbnailproduct_0.addproducttoshoppinglist/60311?t:ac=605"],["addProductToBasket_14","forceAjax","/rayon.productgridorlist.productlist_1.thumbnailproduct_0.addproducttobasket/60310?t:ac=605"],["addProductToShoppingList_14","forceAjax","/rayon.productgridorlist.productlist_1.thumbnailproduct_0.addproducttoshoppinglist/60310?t:ac=605"],["addProductToBasket_15","forceAjax","/rayon.productgridorlist.productlist_1.thumbnailproduct_0.addproducttobasket/1300?t:ac=605"],["addProductToShoppingList_15","forceAjax","/rayon.productgridorlist.productlist_1.thumbnailproduct_0.addproducttoshoppinglist/1300?t:ac=605"],["addProductToBasket_16","forceAjax","/rayon.productgridorlist.productlist_1.thumbnailproduct_0.addproducttobasket/38417?t:ac=605"],["addProductToShoppingList_16","forceAjax","/rayon.productgridorlist.productlist_1.thumbnailproduct_0.addproducttoshoppinglist/38417?t:ac=605"],["addProductToBasket_17","forceAjax","/rayon.productgridorlist.productlist_1.thumbnailproduct_0.addproducttobasket/26485?t:ac=605"],["addProductToShoppingList_17","forceAjax","/rayon.productgridorlist.productlist_1.thumbnailproduct_0.addproducttoshoppinglist/26485?t:ac=605"],["addProductToBasket_18","forceAjax","/rayon.productgridorlist.productlist_1.thumbnailproduct_0.addproducttobasket/8163?t:ac=605"],["addProductToShoppingList_18","forceAjax","/rayon.productgridorlist.productlist_1.thumbnailproduct_0.addproducttoshoppinglist/8163?t:ac=605"],["addProductToBasket_19","forceAjax","/rayon.productgridorlist.productlist_1.thumbnailproduct_0.addproducttobasket/1299?t:ac=605"],["addProductToShoppingList_19","forceAjax","/rayon.productgridorlist.productlist_1.thumbnailproduct_0.addproducttoshoppinglist/1299?t:ac=605"],["addProductToBasket_20","forceAjax","/rayon.productgridorlist.productlist_1.thumbnailproduct_0.addproducttobasket/39315?t:ac=605"],["addProductToShoppingList_20","forceAjax","/rayon.productgridorlist.productlist_1.thumbnailproduct_0.addproducttoshoppinglist/39315?t:ac=605"],["addProductToBasket_21","forceAjax","/rayon.productgridorlist.productlist_1.thumbnailproduct_0.addproducttobasket/60713?t:ac=605"],["addProductToShoppingList_21","forceAjax","/rayon.productgridorlist.productlist_1.thumbnailproduct_0.addproducttoshoppinglist/60713?t:ac=605"],["addProductToBasket_22","forceAjax","/rayon.productgridorlist.productlist_1.thumbnailproduct_0.addproducttobasket/58073?t:ac=605"],["addProductToShoppingList_22","forceAjax","/rayon.productgridorlist.productlist_1.thumbnailproduct_0.addproducttoshoppinglist/58073?t:ac=605"],["addProductToBasket_23","forceAjax","/rayon.productgridorlist.productlist_1.thumbnailproduct_0.addproducttobasket/55678?t:ac=605"],["addProductToShoppingList_23","forceAjax","/rayon.productgridorlist.productlist_1.thumbnailproduct_0.addproducttoshoppinglist/55678?t:ac=605"],["addProductToBasket_24","forceAjax","/rayon.productgridorlist.productlist_1.thumbnailproduct_0.addproducttobasket/2636?t:ac=605"],["addProductToShoppingList_24","forceAjax","/rayon.productgridorlist.productlist_1.thumbnailproduct_0.addproducttoshoppinglist/2636?t:ac=605"],["addProductToBasket_25","forceAjax","/rayon.productgridorlist.productlist_1.thumbnailproduct_0.addproducttobasket/13865?t:ac=605"],["addProductToShoppingList_25","forceAjax","/rayon.productgridorlist.productlist_1.thumbnailproduct_0.addproducttoshoppinglist/13865?t:ac=605"],["addProductToBasket_26","forceAjax","/rayon.productgridorlist.productlist_1.thumbnailproduct_0.addproducttobasket/12106?t:ac=605"],["addProductToShoppingList_26","forceAjax","/rayon.productgridorlist.productlist_1.thumbnailproduct_0.addproducttoshoppinglist/12106?t:ac=605"],["addProductToBasket_27","forceAjax","/rayon.productgridorlist.productlist_1.thumbnailproduct_0.addproducttobasket/4726?t:ac=605"],["addProductToShoppingList_27","forceAjax","/rayon.productgridorlist.productlist_1.thumbnailproduct_0.addproducttoshoppinglist/4726?t:ac=605"],["addProductToBasket_28","forceAjax","/rayon.productgridorlist.productlist_1.thumbnailproduct_0.addproducttobasket/4731?t:ac=605"],["addProductToShoppingList_28","forceAjax","/rayon.productgridorlist.productlist_1.thumbnailproduct_0.addproducttoshoppinglist/4731?t:ac=605"],["addProductToBasket_29","forceAjax","/rayon.productgridorlist.productlist_1.thumbnailproduct_0.addproducttobasket/4728?t:ac=605"],["addProductToShoppingList_29","forceAjax","/rayon.productgridorlist.productlist_1.thumbnailproduct_0.addproducttoshoppinglist/4728?t:ac=605"],["addProductToBasket_30","forceAjax","/rayon.productgridorlist.productlist_1.thumbnailproduct_0.addproducttobasket/4725?t:ac=605"],["addProductToShoppingList_30","forceAjax","/rayon.productgridorlist.productlist_1.thumbnailproduct_0.addproducttoshoppinglist/4725?t:ac=605"],["addProductToBasket_31","forceAjax","/rayon.productgridorlist.productlist_1.thumbnailproduct_0.addproducttobasket/3585?t:ac=605"],["addProductToShoppingList_31","forceAjax","/rayon.productgridorlist.productlist_1.thumbnailproduct_0.addproducttoshoppinglist/3585?t:ac=605"],["addProductToBasket_32","forceAjax","/rayon.productgridorlist.productlist_1.thumbnailproduct_0.addproducttobasket/72035?t:ac=605"],["addProductToShoppingList_32","forceAjax","/rayon.productgridorlist.productlist_1.thumbnailproduct_0.addproducttoshoppinglist/72035?t:ac=605"],["addProductToBasket_33","forceAjax","/rayon.productgridorlist.productlist_1.thumbnailproduct_0.addproducttobasket/78831?t:ac=605"],["addProductToShoppingList_33","forceAjax","/rayon.productgridorlist.productlist_1.thumbnailproduct_0.addproducttoshoppinglist/78831?t:ac=605"],["addProductToShoppingList_34","forceAjax","/rayon.productgridorlist.productlist_1.thumbnailproduct_0.addproducttoshoppinglist/6433?t:ac=605"],["addProductToBasket_34","forceAjax","/rayon.productgridorlist.productlist_1.thumbnailproduct_0.addproducttobasket/4724?t:ac=605"],["addProductToShoppingList_35","forceAjax","/rayon.productgridorlist.productlist_1.thumbnailproduct_0.addproducttoshoppinglist/4724?t:ac=605"],["addProductToBasket_35","forceAjax","/rayon.productgridorlist.productlist_1.thumbnailproduct_0.addproducttobasket/3601?t:ac=605"],["addProductToShoppingList_36","forceAjax","/rayon.productgridorlist.productlist_1.thumbnailproduct_0.addproducttoshoppinglist/3601?t:ac=605"],["addProductToShoppingList_37","forceAjax","/rayon.productgridorlist.productlist_1.thumbnailproduct_0.addproducttoshoppinglist/3600?t:ac=605"],["addProductToBasket_36","forceAjax","/rayon.productgridorlist.productlist_1.thumbnailproduct_0.addproducttobasket/3602?t:ac=605"],["addProductToShoppingList_38","forceAjax","/rayon.productgridorlist.productlist_1.thumbnailproduct_0.addproducttoshoppinglist/3602?t:ac=605"],["addProductToBasket_37","forceAjax","/rayon.productgridorlist.productlist_1.thumbnailproduct_0.addproducttobasket/19487?t:ac=605"],["addProductToShoppingList_39","forceAjax","/rayon.productgridorlist.productlist_1.thumbnailproduct_0.addproducttoshoppinglist/19487?t:ac=605"],["addProductToBasket_38","forceAjax","/rayon.productgridorlist.productlist_1.thumbnailproduct_0.addproducttobasket/35190?t:ac=605"],["addProductToShoppingList_40","forceAjax","/rayon.productgridorlist.productlist_1.thumbnailproduct_0.addproducttoshoppinglist/35190?t:ac=605"],["addProductToBasket_39","forceAjax","/rayon.productgridorlist.productlist_1.thumbnailproduct_0.addproducttobasket/60712?t:ac=605"],["addProductToShoppingList_41","forceAjax","/rayon.productgridorlist.productlist_1.thumbnailproduct_0.addproducttoshoppinglist/60712?t:ac=605"],["addProductToBasket_40","forceAjax","/rayon.productgridorlist.productlist_1.thumbnailproduct_0.addproducttobasket/23687?t:ac=605"],["addProductToShoppingList_42","forceAjax","/rayon.productgridorlist.productlist_1.thumbnailproduct_0.addproducttoshoppinglist/23687?t:ac=605"],["addProductToBasket_41","forceAjax","/rayon.productgridorlist.productlist_1.thumbnailproduct_0.addproducttobasket/38617?t:ac=605"],["addProductToShoppingList_43","forceAjax","/rayon.productgridorlist.productlist_1.thumbnailproduct_0.addproducttoshoppinglist/38617?t:ac=605"],["addProductToBasket_42","forceAjax","/rayon.productgridorlist.productlist_1.thumbnailproduct_0.addproducttobasket/2581?t:ac=605"],["addProductToShoppingList_44","forceAjax","/rayon.productgridorlist.productlist_1.thumbnailproduct_0.addproducttoshoppinglist/2581?t:ac=605"],["addProductToBasket_43","forceAjax","/rayon.productgridorlist.productlist_1.thumbnailproduct_0.addproducttobasket/99715?t:ac=605"],["addProductToShoppingList_45","forceAjax","/rayon.productgridorlist.productlist_1.thumbnailproduct_0.addproducttoshoppinglist/99715?t:ac=605"],["addProductToBasket_44","forceAjax","/rayon.productgridorlist.productlist_1.thumbnailproduct_0.addproducttobasket/56068?t:ac=605"],["addProductToShoppingList_46","forceAjax","/rayon.productgridorlist.productlist_1.thumbnailproduct_0.addproducttoshoppinglist/56068?t:ac=605"],["addProductToBasket_45","forceAjax","/rayon.productgridorlist.productlist_1.thumbnailproduct_0.addproducttobasket/57979?t:ac=605"],["addProductToShoppingList_47","forceAjax","/rayon.productgridorlist.productlist_1.thumbnailproduct_0.addproducttoshoppinglist/57979?t:ac=605"],["addProductToBasket_46","forceAjax","/rayon.productgridorlist.productlist_1.thumbnailproduct_0.addproducttobasket/57980?t:ac=605"],["addProductToShoppingList_48","forceAjax","/rayon.productgridorlist.productlist_1.thumbnailproduct_0.addproducttoshoppinglist/57980?t:ac=605"],["addProductToBasket_47","forceAjax","/rayon.productgridorlist.productlist_1.thumbnailproduct_0.addproducttobasket/96002?t:ac=605"],["addProductToShoppingList_49","forceAjax","/rayon.productgridorlist.productlist_1.thumbnailproduct_0.addproducttoshoppinglist/96002?t:ac=605"],["addProductToBasket_48","forceAjax","/rayon.productgridorlist.productlist_1.thumbnailproduct_0.addproducttobasket/96003?t:ac=605"],["addProductToShoppingList_50","forceAjax","/rayon.productgridorlist.productlist_1.thumbnailproduct_0.addproducttoshoppinglist/96003?t:ac=605"],["addProductToBasket_49","forceAjax","/rayon.productgridorlist.productlist_1.thumbnailproduct_0.addproducttobasket/4719?t:ac=605"],["addProductToShoppingList_51","forceAjax","/rayon.productgridorlist.productlist_1.thumbnailproduct_0.addproducttoshoppinglist/4719?t:ac=605"],["addProductToBasket_50","forceAjax","/rayon.productgridorlist.productlist_1.thumbnailproduct_0.addproducttobasket/47321?t:ac=605"],["addProductToShoppingList_52","forceAjax","/rayon.productgridorlist.productlist_1.thumbnailproduct_0.addproducttoshoppinglist/47321?t:ac=605"],["addProductToBasket_51","forceAjax","/rayon.productgridorlist.productlist_1.thumbnailproduct_0.addproducttobasket/4716?t:ac=605"],["addProductToShoppingList_53","forceAjax","/rayon.productgridorlist.productlist_1.thumbnailproduct_0.addproducttoshoppinglist/4716?t:ac=605"],["addProductToBasket_52","forceAjax","/rayon.productgridorlist.productlist_1.thumbnailproduct_0.addproducttobasket/5712?t:ac=605"],["addProductToShoppingList_54","forceAjax","/rayon.productgridorlist.productlist_1.thumbnailproduct_0.addproducttoshoppinglist/5712?t:ac=605"],["addProductToBasket_53","forceAjax","/rayon.productgridorlist.productlist_1.thumbnailproduct_0.addproducttobasket/61726?t:ac=605"],["addProductToShoppingList_55","forceAjax","/rayon.productgridorlist.productlist_1.thumbnailproduct_0.addproducttoshoppinglist/61726?t:ac=605"],["addProductToBasket_54","forceAjax","/rayon.productgridorlist.productlist_1.thumbnailproduct_0.addproducttobasket/8627?t:ac=605"],["addProductToShoppingList_56","forceAjax","/rayon.productgridorlist.productlist_1.thumbnailproduct_0.addproducttoshoppinglist/8627?t:ac=605"],["addProductToBasket_55","forceAjax","/rayon.productgridorlist.productlist_1.thumbnailproduct_0.addproducttobasket/44747?t:ac=605"],["addProductToShoppingList_57","forceAjax","/rayon.productgridorlist.productlist_1.thumbnailproduct_0.addproducttoshoppinglist/44747?t:ac=605"],["addProductToBasket_56","forceAjax","/rayon.productgridorlist.productlist_1.thumbnailproduct_0.addproducttobasket/4715?t:ac=605"],["addProductToShoppingList_58","forceAjax","/rayon.productgridorlist.productlist_1.thumbnailproduct_0.addproducttoshoppinglist/4715?t:ac=605"],["addProductToBasket_57","forceAjax","/rayon.productgridorlist.productlist_1.thumbnailproduct_0.addproducttobasket/47317?t:ac=605"],["addProductToShoppingList_59","forceAjax","/rayon.productgridorlist.productlist_1.thumbnailproduct_0.addproducttoshoppinglist/47317?t:ac=605"],["addProductToBasket_58","forceAjax","/rayon.productgridorlist.productlist_1.thumbnailproduct_0.addproducttobasket/4714?t:ac=605"],["addProductToShoppingList_60","forceAjax","/rayon.productgridorlist.productlist_1.thumbnailproduct_0.addproducttoshoppinglist/4714?t:ac=605"],["addProductToBasket_59","forceAjax","/rayon.productgridorlist.productlist_1.thumbnailproduct_0.addproducttobasket/58209?t:ac=605"],["addProductToShoppingList_61","forceAjax","/rayon.productgridorlist.productlist_1.thumbnailproduct_0.addproducttoshoppinglist/58209?t:ac=605"],["addProductToShoppingList_62","forceAjax","/rayon.productgridorlist.productlist_1.thumbnailproduct_0.addproducttoshoppinglist/4701?t:ac=605"],["addProductToBasket_60","forceAjax","/rayon.productgridorlist.productlist_1.thumbnailproduct_0.addproducttobasket/38426?t:ac=605"],["addProductToShoppingList_63","forceAjax","/rayon.productgridorlist.productlist_1.thumbnailproduct_0.addproducttoshoppinglist/38426?t:ac=605"],["addProductToBasket_61","forceAjax","/rayon.productgridorlist.productlist_1.thumbnailproduct_0.addproducttobasket/26340?t:ac=605"],["addProductToShoppingList_64","forceAjax","/rayon.productgridorlist.productlist_1.thumbnailproduct_0.addproducttoshoppinglist/26340?t:ac=605"],["addProductToShoppingList_65","forceAjax","/rayon.productgridorlist.productlist_1.thumbnailproduct_0.addproducttoshoppinglist/100181?t:ac=605"],["addProductToBasket_62","forceAjax","/rayon.productgridorlist.productlist_1.thumbnailproduct_0.addproducttobasket/100416?t:ac=605"],["addProductToShoppingList_66","forceAjax","/rayon.productgridorlist.productlist_1.thumbnailproduct_0.addproducttoshoppinglist/100416?t:ac=605"],["addProductToBasket_63","forceAjax","/rayon.productgridorlist.productlist_1.thumbnailproduct_0.addproducttobasket/3141?t:ac=605"],["addProductToShoppingList_67","forceAjax","/rayon.productgridorlist.productlist_1.thumbnailproduct_0.addproducttoshoppinglist/3141?t:ac=605"],["addProductToBasket_64","forceAjax","/rayon.productgridorlist.productlist_1.thumbnailproduct_0.addproducttobasket/1403?t:ac=605"],["addProductToShoppingList_68","forceAjax","/rayon.productgridorlist.productlist_1.thumbnailproduct_0.addproducttoshoppinglist/1403?t:ac=605"],["suggestionPopup","forceAjax","/rayon.suggestionpopup?t:ac=605"],["eventlink","forceAjax","/rayon.customerinfos:showsigninpopup?t:ac=605"],["registerPopup","forceAjax","/rayon.customerinfos.registerpopup?t:ac=605"],["popupAuth","forceAjax","/rayon.customerinfos.popupauth?t:ac=605"],["showSlotTab","forceAjax","/rayon.customerinfos.slotinfo.showslottab?t:ac=605"],["basket","forceAjax","/rayon.customerinfos.basket?t:ac=605"],["lists","forceAjax","/rayon.customerinfos.lists?t:ac=605"],["topBasket","forceAjax","/rayon.customerinfos.topbasket?t:ac=605"],["validateBasket","forceAjax","/rayon.customerinfos.minibasket.validatebasket?t:ac=605"],["closeButtonHk","forceAjax","/rayon.pagetemplate.fancycloseprovidergabarit.closebuttonhk?t:ac=605"]],"zone":[{"update":"show","element":"dynamicCssArea"},{"update":"show","element":"headerListZone"},{"update":"show","element":"productDisplayTypeZone"},{"update":"show","element":"labelZone"},{"update":"show","element":"moreProductListZone"},{"update":"show","element":"productListZone"},{"update":"show","element":"slotInfoZone"},{"update":"show","element":"accountSummaryTabContentZone"},{"update":"show","element":"completeMiniBasketZone"},{"update":"show","element":"miniBasket"},{"update":"show","element":"popupZone"},{"update":"show","element":"secondPopupZone"},{"update":"show","element":"closePopupZone"},"forceAjax"]});
});
</script></body></html>